3485 5069
562 1407 890 1458 Prooemium
1002 1446 2797 1458 .....................

630 1495 680 1546 Ι.
721 1494 808 1547 De
845 1495 1101 1561 fontibus
1106 1534 2797 1548 ....................

723 1584 768 1636 1.
809 1584 890 1635 De
931 1583 1189 1636 Cicerone
1273 1625 2795 1635 ..................

808 1673 871 1738 α)
910 1672 990 1723 De
1032 1674 1278 1725 oratione
1317 1688 1415 1739 pro
1455 1672 1511 1725 C.
1541 1671 1764 1724 Rabirio
1801 1672 2188 1738 perduellionis
2227 1687 2320 1724 reo
2360 1672 2546 1724 habita
2610 1713 2619 1722 .
2698 1714 2707 1722 .
2788 1715 2796 1722 .

813 1761 870 1823 b)
912 1760 1052 1826 Quid
1090 1761 1157 1812 de
1195 1761 1419 1813 Metello
1459 1761 1646 1813 Cicero
1686 1761 1889 1813 iudicet
1989 1802 2797 1813 ..........

720 1851 768 1902 2.
810 1850 889 1901 De
929 1851 1121 1902 ceteris
1160 1848 1405 1902 fontibus
1444 1850 1654 1903 Latinis
1719 1889 2796 1903 .............

811 1939 875 2004 α)
913 1938 993 1991 De
1032 1939 1185 1991 Livio
1275 1981 1819 1991 .......
1833 1999 1836 2002 ⁴
1899 1979 2796 1992 ...........

812 2028 868 2093 b)
909 2029 990 2080 De
1029 2028 1264 2095 vestigiis
1302 2028 1577 2094 scriptoris
1615 2028 1892 2081 cuiusdam
1932 2029 2208 2080 annalium
2248 2028 2416 2093 ignoti
2519 2069 2529 2079 .
2608 2070 2617 2078 .
2697 2069 2708 2079 .
2786 2069 2795 2078 .

719 2118 768 2170 3.
808 2117 890 2169 De
928 2117 1220 2169 Plutarcho
1259 2118 1616 2183 Appianoque
1717 2159 2796 2169 .............

809 2210 870 2272 a)
912 2206 992 2257 De
1030 2204 1181 2258 fonte
1222 2190 1501 2259 communi¹
1544 2247 2796 2258 ...............

810 2295 868 2358 b)
908 2296 988 2346 De
1027 2302 1223 2347 natura
1262 2302 1316 2347 et
1355 2294 1461 2347 fide
1502 2296 1876 2347 narrationum
1915 2295 2253 2348 Plutarcheae
2293 2302 2346 2347 et
2384 2296 2682 2361 Appianeae
2783 2337 2793 2346 .

594 2384 681 2436 11.
721 2383 809 2436 De
846 2386 991 2437 iusto
1029 2400 1212 2436 rerum
1248 2390 1529 2453 qestarum
1569 2385 1767 2437 ordine
1803 2401 1870 2436 ac
1907 2390 2146 2451 tempore
2165 2425 2796 2436 ........

559 2472 681 2524 ΙΙΙ.
727 2472 1151 2542 Quaestiunculae
1189 2473 1267 2525 ad
1303 2473 1593 2526 historiam
1633 2475 1771 2524 anni
1815 2478 1910 2526 100
1938 2474 2287 2544 pertinentes
2291 2513 2797 2524 .......

725 2563 772 2615 1.
813 2563 893 2614 De
934 2563 1256 2615 tumultibus
1294 2564 1421 2614 anni
1460 2563 1563 2615 101
1628 2604 2795 2615 ..............

721 2652 769 2704 2.
810 2652 890 2704 De
930 2652 1138 2719 legibus
1177 2653 1440 2719 Appuleis
1540 2692 2794 2703 ...............

719 2742 768 2793 3.
809 2741 889 2792 De
930 2741 988 2806 Q.
1019 2740 1227 2792 Metelli
1265 2740 1536 2792 Numidici
1576 2742 1735 2793 cxilio
1809 2782 2794 2793 ............

720 2830 769 2881 4.
810 2829 949 2894 Quid
987 2831 1131 2881 inter
1169 2831 1386 2881 comitia
1423 2830 1714 2882 tribunicia
1751 2837 1805 2882 et
1839 2830 2119 2882 Saturnini
2145 2831 2424 2882 interitum
2452 2829 2709 2882 acciderit
2785 2870 2795 2880 .

719 2920 768 2973 5.
809 2919 890 2971 De
929 2917 1207 2970 Saturnini
1245 2920 1469 2970 interitu
1539 2959 2794 2971 ...............

721 3010 768 3061 6.
810 3007 890 3058 De
930 3009 1156 3075 ultione,
1195 3024 1353 3073 quam
1393 3024 1425 3060 a
1464 3009 1813 3074 popularibus
1851 3008 2137 3074 optimates
2176 3008 2447 3073 pet-ierunt
2517 3049 2526 3058 .
2605 3049 2614 3058 .
2694 3049 2704 3058 .
2784 3049 2793 3058 .

578 3096 686 3148 IV.
726 3096 838 3149 Res
873 3104 1052 3165 yestae,
1091 3113 1236 3164 quas
1275 3098 1823 3162 commemoravimus,
1867 3096 2100 3148 breviter
2136 3103 2451 3149 narrantur
2520 3138 2528 3147 .
2609 3138 2617 3147 .
2698 3138 2707 3147 .
2784 3137 2796 3148 .
