3485 5069
544 531 831 597 fortasse
897 534 1134 617 praeter
1193 530 1479 611 Florum,
1545 529 1888 616 Ampelius
1949 528 2133 594 adiit.
2154 528 2195 617 1)
2288 531 2348 593 A
2403 551 2559 595 vero
2620 528 2822 611 igitur
2882 529 3000 594 vix

547 647 1023 729 aberrabimus,
1074 647 1131 712 si
1178 647 1384 711 etiam
1431 668 1529 727 ea,
1580 667 1728 729 quae
1776 648 2008 710 auctor
2041 644 2120 709 de
2152 645 2272 709 vir.
2300 644 2389 710 ill.
2421 647 2503 710 73
2551 668 2702 712 cum
2732 643 2998 709 Valerio

544 762 834 829 Maximo
885 762 1263 828 communia
1307 762 1516 827 habet
1535 760 1600 848 ²),
1648 760 2011 847 praesertim
2083 782 2232 825 cum
2294 760 2653 828 Saturnino
2724 764 2997 848 eiusque

547 877 822 943 satelliti
870 878 1136 962 Equitio
1184 877 1453 942 minime
1499 876 1801 959 faveant,
1852 869 2063 941 eidem
2109 875 2282 941 fonti
2330 876 2725 943 tribuemus:

546 999 722 1059 auct.
758 993 838 1058 de
884 994 1004 1058 vir.
1041 992 1130 1058 ill.
1170 994 1362 1075 73‚3:
1410 995 1713 1074 quendam
1825 991 2266 1057 ef.Val.Max.
2289 992 2397 1075 IX,
2430 994 2486 1073 7,
2518 995 2581 1058 1:
2610 995 2682 1058 L.
2698 996 2993 1076 Equitum

544 1109 812 1175 libertini
844 1112 1080 1175 ordinis
1103 1109 1484 1186 subornavit,
1517 1113 1714 1190 quise
1825 1112 1932 1189 qui
1974 1129 2036 1173 se
2087 1108 2181 1172 Ti.
2221 1110 2490 1173 Gracchi
2526 1109 2742 1190 filium
2801 1115 2997 1176 simu-

550 1225 645 1290 Ti.
677 1227 947 1291 Gracchi
955 1224 1169 1306 fllium
1196 1224 1496 1309 finyeret;
1541 1222 1716 1288 idem
1825 1224 2026 1307 labat;
2074 1223 2154 1288 cf.
2182 1224 2290 1305 IX,
2347 1224 2448 1306 15,
2503 1227 2558 1290 1.

547 1340 651 1421 62,
691 1342 752 1403 1;
803 1341 1153 1420 Quinotium
1189 1338 1353 1424 (sici)
1387 1344 1493 1420 qui
1520 1360 1581 1405 se
1616 1340 1713 1404 Ti.

549 1456 819 1521 Gracchi
854 1455 1059 1534 filium
1107 1455 1529 1520 mentiebatur.

546 1575 720 1635 auct.
751 1569 829 1635 de
854 1592 917 1635 v.
945 1569 1034 1635 ill.
1067 1570 1168 1651 73,
1197 1571 1240 1633 4
1267 1569 1345 1634 (16
1372 1569 1774 1655 Semproniae
1806 1571 2186 1635 testimonio
2222 1569 2302 1635 cf.
2332 1569 2479 1636 Val.
2508 1570 2682 1636 MaX.
2710 1572 2815 1653 III,
2847 1574 2906 1653 8,
2936 1575 2994 1638 6.

545 1785 816 1851 Kempten
845 1785 1000 1848 1882,
1028 1800 1111 1850 pg.
1141 1784 1209 1837 10
1235 1800 1311 1849 sq.
1370 1783 1437 1837 cf.
1466 1785 1640 1851 Peter,
1669 1784 1860 1837 Gesch.
1892 1785 1990 1839 Lit.
2019 1783 2068 1837 d.
2096 1785 2398 1837 Kaiserzeit
2423 1786 2490 1852 ΙΙ,
2517 1786 2623 1840 368
2644 1802 2716 1851 sq.
2773 1786 2998 1852 Schanz,

544 1874 695 1926 Rom.
737 1873 1055 1926 Lit.-Gesch.
1083 1873 1175 1939 IV,
1198 1873 1246 1939 1,
1287 1890 1335 1939 p.
1364 1873 1544 1942 64s65.

764 1980 801 2046 ¹)
841 1977 909 2031 cf.
951 1979 1134 2045 Haupt
1173 1980 1205 2030 1.
1237 1980 1268 2031 l.
1299 1995 1384 2045 pg.
1412 1980 1445 2031 8
1466 1995 1539 2044 sq.
1605 1979 2003 2031 Hildcsheimer
2041 1998 2125 2048 pg.
2156 1982 2222 2035 15
2244 1996 2319 2046 sq.
2387 1982 2641 2034 Enmann
2682 1998 2765 2049 pg.
2796 1983 2899 2036 476
2921 1999 2998 2048 sq.

545 2069 721 2135 Peter,
761 2068 1085 2121 Geschichtl.
1114 2067 1216 2120 Lit.
1248 2066 1345 2119 der
1369 2068 1674 2121 Kaiserzeit
1711 2069 1782 2135 II,
1820 2069 1939 2123 372.

655 2157 737 2222 18,
753 2157 820 2209 14
851 2157 1112 2209 Metellus
1139 2174 1257 2209 cum
1276 2159 1722 2224 perniciosas
1938 2157 2083 2210 Flor.
2112 2158 2180 2228 ΙΙ,
2210 2160 2261 2225 4,
2288 2159 2321 2212 3
2376 2175 2528 2211 uuus
2566 2165 2752 2212 tamen
2791 2162 3001 2213 exstitit

545 2247 624 2298 rei
641 2247 884 2313 publicae
908 2246 1050 2314 leqes
1066 2246 1237 2311 ferret
1257 2247 1528 2313 Apuleius
1548 2252 1718 2299 totus·
1831 2247 1928 2313 qui
1978 2247 2206 2300 mallet
2259 2248 2510 2313 exilium;
2561 2247 2681 2300 Val.
2718 2248 2864 2300 Max.
2903 2250 2998 2315 ΙΙΙ,

546 2351 651 2401 que
682 2341 918 2387 senatus
956 2336 1014 2386 in
1054 2350 1143 2387 eos
1182 2337 1441 2400 iurasset,
1478 2337 1719 2389 maluit
1828 2337 1881 2402 8,
1907 2337 1965 2388 4:
2018 2352 2140 2388 cum
2176 2336 2640 2389 animadverteret
2677 2353 2784 2405 quo
2824 2339 3002 2390 tende-

546 2425 610 2475 iu
649 2425 873 2475 exilium
913 2425 993 2476 ire
1031 2440 1198 2491 quam
1238 2425 1444 2476 iurare.
1828 2431 1951 2477 rent
1975 2423 2273 2477 Saturnini
2296 2425 2565 2491 funesti
2604 2433 2964 2480 conatus..
2987 2471 2998 2482 .

652 2512 832 2565 Ceteri
858 2516 1026 2565 fontes
1053 2528 1238 2566 omnes
1264 2515 1595 2580 rogationem
1624 2529 1721 2579 per
1940 2556 1949 2565 .
1975 2557 1984 2566 .
2012 2557 2020 2566 .
2047 2557 2056 2566 .
2085 2516 2149 2567 iu
2176 2515 2399 2567 exilium
2426 2531 2595 2582 quam
2616 2517 2678 2567 iu
2699 2516 2866 2585 leqem
2888 2517 3005 2570 eius

545 2603 652 2653 vim
679 2600 880 2655 factam
901 2603 1256 2655 recusationis
1278 2618 1494 2655 causam
1514 2601 1717 2655 dicunt.
1829 2605 1910 2656 ire
1946 2604 2145 2656 maluit
2183 2604 2256 2670 cf.
2285 2621 2331 2656 v.
2364 2605 2440 2657 ill.
2468 2606 2553 2671 73,
2575 2606 2633 2672 63
2674 2605 2760 2672 62,
2786 2606 2834 2657 2.

652 2692 784 2758 26,3
807 2693 974 2744 tertia
993 2692 1192 2744 seditio
1207 2692 1408 2759 Apulei
1424 2690 1720 2744 Saturnini
1936 2692 2082 2744 Flor.
2102 2694 2134 2744 l.
2154 2693 2215 2745 l.:
2242 2700 2304 2745 ut
2327 2694 2656 2746 consularia
2677 2711 2894 2762 quoque
2920 2711 3002 2748 co-

548 2787 613 2833 tr.
624 2781 700 2847 pl.
715 2787 765 2833 et
787 2780 1035 2833 Glauciae
1055 2781 1314 2845 consulis,
1336 2796 1474 2847 quos
1494 2783 1718 2833 comitia
1828 2783 1988 2834 mitia
2017 2797 2160 2833 uova
2181 2780 2323 2834 caede
2351 2782 2616 2835 turbaret.
2656 2783 2724 2849 Il,
2745 2786 2797 2850 4,
2818 2785 2885 2837 62
2905 2800 3005 2851 po-

545 2872 607 2923 in
627 2886 817 2937 campo
836 2870 1480 2936 ccedibusperturbautes
1493 2870 1720 2922 Marius
1826 2871 1997 2937 pulus
2032 2869 2283 2935 fustibus
2318 2872 2584 2937 saxisque
2620 2879 2862 2939 opertum
2887 2915 2896 2925 .
2922 2915 2931 2925 .
2957 2915 3001 2927 ..

544 2961 609 3011 iu
665 2958 998 3026 Capitolium
1041 2964 1365 3025 persecutus
1408 2959 1621 3011 obsedit
1670 2965 1721 3011 et
1830 2959 2110 3011 laceravit.
2150 2961 2244 3011 vir.
2275 2960 2348 3011 ill.
2381 2960 2466 3025 73,
2491 2961 2584 3013 10:
2636 2960 3004 3014 Saturninum

546 3049 923 3114 conficiendos
936 3048 1184 3113 fustibus
1201 3049 1463 3114 saccisque
1485 3049 1718 3101 curavit.
1831 3089 1841 3100 .
1869 3090 1878 3099 .
1903 3090 1912 3100 .
1940 3090 1949 3099 .
1979 3049 2042 3099 iu
2075 3047 2414 3114 Capitolium
2425 3057 2751 3116 persecutus
2776 3051 3003 3105 obsedit.

759 3137 986 3190 Glaucia
1023 3136 1160 3188 falso
1200 3139 1386 3188 consul
1425 3135 1648 3203 dicitur3
1701 3138 1958 3203 quoniam
2009 3152 2132 3189 vero
2172 3136 2293 3189 fons
2347 3145 2531 3190 noster
2581 3140 2802 3191 creandi
2841 3141 3008 3193 Glau-

545 3228 641 3280 ciae
695 3243 856 3279 causa
903 3227 1124 3277 Memmi
1161 3226 1362 3278 caedem
1407 3226 1664 3279 accidisse
1703 3227 1929 3292 rettulit,
1970 3243 2028 3278 re
2067 3242 2192 3278 vera
2232 3243 2372 3294 eum,
2413 3227 2693 3280 Glauciam
2732 3231 3005 3282 consulem

547 3314 749 3368 factum
792 3330 924 3381 esse,
965 3315 1262 3367 narravisse
1303 3314 1631 3367 credendum
1671 3323 1766 3368 est.

760 3403 801 3471 ²)
841 3404 1159 3470 iampridem
1211 3404 1419 3457 fontem
1468 3421 1802 3457 communem
1854 3406 1959 3457 viri
2010 3404 2152 3458 docti
2204 3408 2648 3459 enucleaverunt:
2701 3406 2768 3459 cf.
2798 3406 3008 3460 Hildes-

544 3495 752 3547 heimer
790 3496 822 3547 l.
854 3496 886 3547 l.
916 3510 999 3560 pg.
1029 3495 1113 3547 40.
1142 3494 1225 3546 41.
1305 3494 1581 3560 Exemplis
1619 3495 1687 3546 ab
1728 3511 1791 3547 eo
1831 3496 2070 3547 collectis
2111 3494 2277 3547 adde:
2330 3495 2448 3547 Val.
2476 3496 2623 3547 Max.
2652 3496 2746 3562 ΙΙΙ,
2776 3496 2824 3562 2,
2854 3497 2881 3548 1
2938 3519 3006 3541 z:

544 3591 684 3637 auct.
714 3583 779 3637 de
808 3601 854 3636 v,
884 3585 960 3636 ill.
990 3584 1083 3650 11,
1134 3582 1199 3635 (16
1238 3583 1334 3649 ΙΙΙ,
1385 3583 1435 3647 2,
1461 3583 1510 3635 3.
1587 3582 1654 3636 cf.
1693 3583 1924 3650 Kricger
1965 3585 1994 3635 l.
2024 3586 2056 3636 l.
2088 3601 2169 3651 pg.
2214 3586 2299 3651 70,
2348 3583 2412 3636 (16
2452 3585 2550 3650 ΙΙΙ,
2578 3586 2627 3650 2,
2654 3585 2701 3636 6.
2779 3584 3006 3651 Kricger

546 3692 629 3742 pg.
659 3675 751 3742 71,
792 3673 858 3726 (16
898 3674 939 3738 1,
967 3674 1017 3739 6,
1045 3675 1093 3726 1.
1170 3671 1239 3725 cf.
1270 3672 1500 3740 Krieger
1537 3689 1622 3739 pg.
1652 3674 1720 3727 73
1761 3674 2043 3725 maluerim
2070 3674 2136 3724 de
2164 3673 2316 3726 Livio
2355 3675 2619 3740 cogitare,
2660 3673 2728 3739 11,
2755 3674 2804 3738 7,
2834 3674 2901 3726 10
2937 3697 3006 3718 z

545 3768 684 3815 auct.
713 3763 780 3814 de
807 3780 854 3815 v.
882 3763 956 3813 ill.
985 3763 1070 3828 61,
1093 3762 1125 3813 4
1163 3785 1234 3807 z
1271 3763 1466 3830 Ampel
1508 3763 1590 3829 18,
1620 3763 1686 3815 14
1724 3786 1794 3818 Ξ,
1822 3761 1958 3814 Vell.
1986 3763 2054 3830 II,
2093 3765 2144 3829 5,
2174 3763 2222 3815 2.
2252 3763 2285 3815 3
2323 3786 2393 3808 =
2430 3762 2662 3815 Frontin
2701 3761 2791 3829 IV,
2833 3763 2883 3828 1,
2921 3763 3002 3815 23-

547 3852 615 3905 cf.
643 3852 974 3904 Burmeister
1019 3869 1071 3918 p.
1100 3851 1194 3919 23,
1244 3851 1337 3917 IV,
1378 3852 1426 3917 1,
1454 3854 1485 3906 7
1535 3875 1603 3897 Ξ
1651 3859 1794 3904 auct.
1835 3850 1900 3904 (16
1940 3868 1986 3902 v.
2024 3853 2100 3918 ill,
2127 3853 2211 3912 45,
2241 3853 2289 3904 4.
2365 3851 2636 3903 Drescher
2675 3852 2708 3903 l.
2739 3852 2772 3905 1.
2811 3851 2909 3904 No.
2938 3852 3007 3905 89

544 3942 689 3995 haud
736 3950 881 3993 recte
930 3941 1198 4006 Epitomae
1247 3942 1550 4007 exemplum
1598 3939 1857 4008 vindicat3
1911 3940 2001 4007 IV,
2043 3941 2092 4008 1,
2132 3941 2199 3993 13
2250 3965 2316 3985 --
2365 3948 2490 3992 auct
2537 3939 2603 3992 de
2641 3957 2689 3992 V.
2719 3941 2797 3995 ill.
2824 3941 2910 4007 62,
2948 3941 3005 4004 3,

546 4031 639 4099 IV,
666 4032 715 4096 7,
743 4031 773 4083 2
802 4054 871 4076 z
897 4039 1022 4082 auct
1050 4030 1115 4083 de
1143 4047 1189 4081 v.
1221 4031 1295 4082 ill.
1323 4031 1409 4097 65,
1431 4032 1489 4098 5,
1530 4030 1594 4097 V,
1623 4031 1672 4095 6,
1702 4030 1750 4083 5.
1780 4031 1812 4082 6
1839 4054 1908 4076 z
1935 4036 2060 4082 auct
2088 4030 2155 4082 de
2183 4046 2227 4081 v,
2258 4031 2331 4081 ill.
2362 4029 2442 4082 26.
2475 4029 2557 4084 27.
2610 4029 2678 4081 cf.
2701 4030 2820 4082 Per.
2851 4030 2935 4095 10,
2955 4018 3006 4099 8?

546 4120 812 4172 Drescher
838 4119 935 4172 No.
964 4121 1047 4173 77.
1112 4119 1204 4186 VI,
1233 4120 1282 4187 2,
1309 4121 1343 4173 3
1381 4143 1449 4165 :-
1488 4127 1613 4172 auct
1639 4120 1705 4172 de
1732 4136 1780 4173 v,
1808 4120 1882 4171 ill.
1912 4121 1998 4185 58,
2020 4120 2079 4187 8,
2121 4120 2214 4186 Vl,
2241 4119 2291 4184 9,
2319 4118 2365 4170 1.
2433 4117 2500 4171 cf.
2531 4118 2761 4185 Krieger
2788 4120 2822 4173 l.
2852 4119 2883 4170 l.
2915 4120 3006 4186 72,

545 4209 666 4275 VII,
720 4209 750 4260 2
790 4217 896 4260 ext.
927 4211 993 4263 17
1033 4233 1102 4255 z
1154 4217 1296 4264 auct.
1323 4211 1390 4262 de
1419 4226 1465 4264 v,
1494 4211 1569 4261 ill.
1597 4211 1693 4278 30,
1747 4208 1914 4274 (haud
1963 4216 2108 4261 recte
2160 4208 2431 4260 Drescher
2482 4208 2580 4263 No,
2619 4209 2688 4262 73
2741 4209 3007 4275 Epitomae

546 4298 757 4364 tribuit)
798 4297 945 4362 VIII,
986 4297 1034 4363 6,
1073 4298 1107 4351 3
1145 4321 1215 4342 z
1256 4304 1396 4350 auct.
1427 4295 1492 4348 de
1520 4314 1565 4349 v.
1596 4297 1670 4349 ill.
1699 4297 1770 4349 20
1807 4296 1976 4362 (haud
2013 4304 2158 4348 recte
2198 4295 2470 4347 Drescher
2507 4295 2604 4348 No.
2633 4297 2724 4363 65)
2767 4296 2861 4364 ΙΧ,
2899 4297 2950 4362 4,
2975 4295 3009 4349 3

547 4410 616 4432 =
653 4395 778 4439 auct
817 4385 881 4439 (16
921 4403 969 4438 v.
1011 4387 1084 4439 ill.
1125 4388 1214 4440 65.
1287 4387 1517 4453 Krieger
1555 4403 1637 4453 pg.
1679 4386 1748 4440 69
1776 4401 1883 4451 seq.
1959 4385 2239 4437 Valerium
2284 4386 2563 4437 Antiatem
2603 4401 2698 4451 per
2735 4385 3009 4453 Hyginum

545 4481 820 4529 auctorem
860 4492 974 4528 esse
1015 4482 1200 4527 censet
1240 4461 1546 4528 consensus.
