<?xml version="1.0" encoding="UTF-8"?>
<!DOCTYPE html PUBLIC "-//W3C//DTD XHTML 1.0 Transitional//EN"
    "http://www.w3.org/TR/xhtml1/DTD/xhtml1-transitional.dtd">
<html xmlns="http://www.w3.org/1999/xhtml" xml:lang="en" lang="en">
 <head>
  <title>
</title>
<meta http-equiv="Content-Type" content="text/html;charset=utf-8" />
  <meta name='ocr-system' content='tesseract 3.04.00' />
  <meta name='ocr-capabilities' content='ocr_page ocr_carea ocr_par ocr_line ocrx_word'/>
</head>
<body>
  <div class='ocr_page' id='page_1' title='image "./delappuleiosatu01mhgoog_0107.png"; bbox 0 0 3485 5069; ppageno 0'>
   <div class='ocr_carea' id='block_1_1' title="bbox 1505 358 1861 411">
    <p class='ocr_par' dir='ltr' id='par_1_1' title="bbox 1505 358 1861 411">
     <span class='ocr_line' id='line_1_1' title="bbox 1505 358 1861 411; baseline 0.003 -15"><span class='ocrx_word' id='word_1_1' title='bbox 1505 358 1861 411; x_wconf 71' lang='lat'>..99—</span> 
     </span>
    </p>
   </div>
   <div class='ocr_carea' id='block_1_2' title="bbox 442 531 2919 3048">
    <p class='ocr_par' dir='ltr' id='par_1_2' title="bbox 457 531 2911 1082">
     <span class='ocr_line' id='line_1_2' title="bbox 462 531 2911 619; baseline 0.002 -22"><span class='ocrx_word' id='word_1_2' title='bbox 462 534 608 618; x_wconf 99' lang='grc'>196)</span> <span class='ocrx_word' id='word_1_3' title='bbox 659 531 896 617; x_wconf 90' lang='lat' dir='ltr'>quovis</span> <span class='ocrx_word' id='word_1_4' title='bbox 943 531 1136 597; x_wconf 91' lang='lat' dir='ltr'>modo</span> <span class='ocrx_word' id='word_1_5' title='bbox 1185 532 1415 597; x_wconf 90' lang='lat' dir='ltr'>Livius</span> <span class='ocrx_word' id='word_1_6' title='bbox 1464 532 1759 598; x_wconf 84' lang='lat' dir='ltr'>ordinem</span> <span class='ocrx_word' id='word_1_7' title='bbox 1806 533 2059 599; x_wconf 89' lang='lat' dir='ltr'>iustum</span> <span class='ocrx_word' id='word_1_8' title='bbox 2115 557 2250 600; x_wconf 91' lang='lat' dir='ltr'>non</span> <span class='ocrx_word' id='word_1_9' title='bbox 2297 536 2591 619; x_wconf 78' lang='lat' dir='ltr'>retinuit,</span> <span class='ocrx_word' id='word_1_10' title='bbox 2643 535 2778 615; x_wconf 85' lang='lat' dir='ltr'>sed,</span> <span class='ocrx_word' id='word_1_11' title='bbox 2833 541 2911 603; x_wconf 91' lang='lat' dir='ltr'>ut</span> 
     </span>
     <span class='ocr_line' id='line_1_3' title="bbox 457 648 2907 735; baseline 0.001 -21"><span class='ocrx_word' id='word_1_12' title='bbox 457 650 906 714; x_wconf 80' lang='lat' dir='ltr'>narrationem</span> <span class='ocrx_word' id='word_1_13' title='bbox 970 648 1048 713; x_wconf 91' lang='lat' dir='ltr'>de</span> <span class='ocrx_word' id='word_1_14' title='bbox 1112 648 1434 735; x_wconf 71' lang='lat' dir='ltr'>Caepionis</span> <span class='ocrx_word' id='word_1_15' title='bbox 1498 649 1702 731; x_wconf 88' lang='lat' dir='ltr'>exitu,</span> <span class='ocrx_word' id='word_1_16' title='bbox 1767 650 1866 715; x_wconf 89' lang='lat' dir='ltr'>ita</span> <span class='ocrx_word' id='word_1_17' title='bbox 1928 672 2075 716; x_wconf 91' lang='lat' dir='ltr'>eam</span> <span class='ocrx_word' id='word_1_18' title='bbox 2139 651 2218 716; x_wconf 89' lang='lat' dir='ltr'>de</span> <span class='ocrx_word' id='word_1_19' title='bbox 2265 650 2512 716; x_wconf 78' lang='lat' dir='ltr'>Metelli</span> <span class='ocrx_word' id='word_1_20' title='bbox 2577 652 2771 717; x_wconf 91' lang='lat' dir='ltr'>exilio</span> <span class='ocrx_word' id='word_1_21' title='bbox 2821 651 2907 717; x_wconf 88' lang='lat' dir='ltr'>ad</span> 
     </span>
     <span class='ocr_line' id='line_1_4' title="bbox 457 763 2911 850; baseline 0.001 -21"><span class='ocrx_word' id='word_1_22' title='bbox 457 765 662 829; x_wconf 85' lang='lat' dir='ltr'>finem</span> <span class='ocrx_word' id='word_1_23' title='bbox 689 763 1014 850; x_wconf 87' lang='lat' dir='ltr'>perduxit,</span> <span class='ocrx_word' id='word_1_24' title='bbox 1075 765 1460 849; x_wconf 83' lang='lat' dir='ltr'>priusquam</span> <span class='ocrx_word' id='word_1_25' title='bbox 1495 786 1741 830; x_wconf 89' lang='lat' dir='ltr'>novam</span> <span class='ocrx_word' id='word_1_26' title='bbox 1799 767 2149 831; x_wconf 83' lang='lat' dir='ltr'>materiam</span> <span class='ocrx_word' id='word_1_27' title='bbox 2188 766 2670 849; x_wconf 83' lang='lat' dir='ltr'>aggrederetur.</span> <span class='ocrx_word' id='word_1_28' title='bbox 2729 767 2911 832; x_wconf 91' lang='lat' dir='ltr'>Nihil</span> 
     </span>
     <span class='ocr_line' id='line_1_5' title="bbox 457 879 2909 967; baseline 0.001 -23"><span class='ocrx_word' id='word_1_29' title='bbox 457 881 660 964; x_wconf 91' lang='lat' dir='ltr'>igitur</span> <span class='ocrx_word' id='word_1_30' title='bbox 713 879 1008 967; x_wconf 92' lang='lat' dir='ltr'>impedit,</span> <span class='ocrx_word' id='word_1_31' title='bbox 1071 903 1154 946; x_wconf 91' lang='lat' dir='ltr'>ne</span> <span class='ocrx_word' id='word_1_32' title='bbox 1215 881 1508 946; x_wconf 91' lang='lat' dir='ltr'>narratio</span> <span class='ocrx_word' id='word_1_33' title='bbox 1568 880 1717 946; x_wconf 93' lang='lat' dir='ltr'>libri</span> <span class='ocrx_word' id='word_1_34' title='bbox 1777 881 1985 946; x_wconf 92' lang='lat' dir='ltr'><strong>LXIX</strong></span> <span class='ocrx_word' id='word_1_35' title='bbox 2051 882 2255 948; x_wconf 90' lang='lat' dir='ltr'>etiam</span> <span class='ocrx_word' id='word_1_36' title='bbox 2317 903 2568 947; x_wconf 89' lang='lat' dir='ltr'>annum</span> <span class='ocrx_word' id='word_1_37' title='bbox 2618 885 2701 949; x_wconf 88' lang='grc'>98</span> <span class='ocrx_word' id='word_1_38' title='bbox 2767 904 2909 948; x_wconf 87' lang='lat' dir='ltr'>am·-</span> 
     </span>
     <span class='ocr_line' id='line_1_6' title="bbox 458 995 808 1082; baseline 0 -22"><span class='ocrx_word' id='word_1_39' title='bbox 458 995 655 1082; x_wconf 88' lang='lat' dir='ltr'>plexa</span> <span class='ocrx_word' id='word_1_40' title='bbox 702 996 808 1060; x_wconf 91' lang='lat' dir='ltr'>sit.</span> 
     </span>
    </p>

    <p class='ocr_par' dir='ltr' id='par_1_3' title="bbox 442 1110 2919 2819">
     <span class='ocr_line' id='line_1_7' title="bbox 673 1110 2908 1202; baseline 0.002 -27"><span class='ocrx_word' id='word_1_41' title='bbox 673 1110 823 1176; x_wconf 88' lang='lat' dir='ltr'>Sex.</span> <span class='ocrx_word' id='word_1_42' title='bbox 891 1111 1106 1176; x_wconf 87' lang='lat' dir='ltr'>Titius</span> <span class='ocrx_word' id='word_1_43' title='bbox 1163 1110 1444 1197; x_wconf 91' lang='lat' dir='ltr'>denique</span> <span class='ocrx_word' id='word_1_44' title='bbox 1508 1112 1659 1178; x_wconf 90' lang='lat' dir='ltr'>trib.</span> <span class='ocrx_word' id='word_1_45' title='bbox 1716 1112 1802 1199; x_wconf 93' lang='lat' dir='ltr'>pl.</span> <span class='ocrx_word' id='word_1_46' title='bbox 1860 1134 2036 1179; x_wconf 88' lang='lat' dir='ltr'>anno</span> <span class='ocrx_word' id='word_1_47' title='bbox 2094 1115 2243 1202; x_wconf 82' lang='lat'>991)</span> <span class='ocrx_word' id='word_1_48' title='bbox 2305 1114 2517 1197; x_wconf 90' lang='lat' dir='ltr'>legem</span> <span class='ocrx_word' id='word_1_49' title='bbox 2578 1114 2908 1198; x_wconf 83' lang='lat' dir='ltr'>agrariam</span> 
     </span>
     <span class='ocr_line' id='line_1_8' title="bbox 461 1225 2910 1315; baseline 0.001 -23"><span class='ocrx_word' id='word_1_50' title='bbox 461 1226 772 1292; x_wconf 83' lang='lat' dir='ltr'>seditiose</span> <span class='ocrx_word' id='word_1_51' title='bbox 819 1225 977 1291; x_wconf 92' lang='lat' dir='ltr'>tulit</span> <span class='ocrx_word' id='word_1_52' title='bbox 997 1225 1039 1313; x_wconf 77' lang='grc'>2)</span> <span class='ocrx_word' id='word_1_53' title='bbox 1089 1226 1518 1292; x_wconf 88' lang='lat' dir='ltr'>obstantibus</span> <span class='ocrx_word' id='word_1_54' title='bbox 1568 1228 1852 1310; x_wconf 92' lang='lat' dir='ltr'>collegis,</span> <span class='ocrx_word' id='word_1_55' title='bbox 1902 1230 2399 1315; x_wconf 87' lang='lat' dir='ltr'>auguribusque</span> <span class='ocrx_word' id='word_1_56' title='bbox 2448 1230 2910 1296; x_wconf 89' lang='lat' dir='ltr'>obnuntianti-</span> 
     </span>
     <span class='ocr_line' id='line_1_9' title="bbox 460 1341 2910 1433; baseline 0.001 -26"><span class='ocrx_word' id='word_1_57' title='bbox 460 1343 607 1408; x_wconf 91' lang='lat' dir='ltr'>bus.</span> <span class='ocrx_word' id='word_1_58' title='bbox 629 1342 673 1429; x_wconf 72' lang='lat'>³)</span> <span class='ocrx_word' id='word_1_59' title='bbox 766 1342 999 1425; x_wconf 89' lang='lat' dir='ltr'>Itaque</span> <span class='ocrx_word' id='word_1_60' title='bbox 1049 1362 1225 1406; x_wconf 89' lang='lat' dir='ltr'>anno</span> <span class='ocrx_word' id='word_1_61' title='bbox 1274 1344 1358 1407; x_wconf 83' lang='grc'>98</span> <span class='ocrx_word' id='word_1_62' title='bbox 1387 1341 1462 1430; x_wconf 68' lang='lat' dir='ltr'>(P)</span> <span class='ocrx_word' id='word_1_63' title='bbox 1512 1365 1665 1408; x_wconf 93' lang='lat' dir='ltr'>reus</span> <span class='ocrx_word' id='word_1_64' title='bbox 1713 1343 1937 1409; x_wconf 87' lang='lat' dir='ltr'>factus</span> <span class='ocrx_word' id='word_1_65' title='bbox 1986 1347 2090 1410; x_wconf 93' lang='lat' dir='ltr'>est</span> <span class='ocrx_word' id='word_1_66' title='bbox 2138 1342 2446 1431; x_wconf 85' lang='lat' dir='ltr'>(fortasse</span> <span class='ocrx_word' id='word_1_67' title='bbox 2494 1344 2636 1429; x_wconf 91' lang='lat' dir='ltr'>lege</span> <span class='ocrx_word' id='word_1_68' title='bbox 2683 1349 2910 1433; x_wconf 88' lang='lat' dir='ltr'>Appu-</span> 
     </span>
     <span class='ocr_line' id='line_1_10' title="bbox 461 1457 2914 1546; baseline 0.002 -24"><span class='ocrx_word' id='word_1_69' title='bbox 461 1458 591 1523; x_wconf 90' lang='lat' dir='ltr'>leia</span> <span class='ocrx_word' id='word_1_70' title='bbox 638 1457 718 1522; x_wconf 85' lang='lat' dir='ltr'>cf.</span> <span class='ocrx_word' id='word_1_71' title='bbox 753 1478 856 1543; x_wconf 93' lang='lat' dir='ltr'>pg.</span> <span class='ocrx_word' id='word_1_72' title='bbox 895 1457 1030 1544; x_wconf 87' lang='lat'>64);</span> <span class='ocrx_word' id='word_1_73' title='bbox 1080 1457 1296 1541; x_wconf 92' lang='lat' dir='ltr'>quoin</span> <span class='ocrx_word' id='word_1_74' title='bbox 1321 1457 1561 1523; x_wconf 87' lang='lat' dir='ltr'>iudicio</span> <span class='ocrx_word' id='word_1_75' title='bbox 1586 1460 1941 1541; x_wconf 90' lang='lat' dir='ltr'>Antonius,</span> <span class='ocrx_word' id='word_1_76' title='bbox 1970 1460 2082 1546; x_wconf 95' lang='lat' dir='ltr'>qui</span> <span class='ocrx_word' id='word_1_77' title='bbox 2109 1460 2168 1524; x_wconf 91' lang='lat' dir='ltr'>ei</span> <span class='ocrx_word' id='word_1_78' title='bbox 2215 1461 2528 1526; x_wconf 79' lang='lat' dir='ltr'>acerrime</span> <span class='ocrx_word' id='word_1_79' title='bbox 2573 1462 2914 1527; x_wconf 86' lang='lat' dir='ltr'>restiterat</span> 
     </span>
     <span class='ocr_line' id='line_1_11' title="bbox 464 1572 2911 1659; baseline 0.001 -21"><span class='ocrx_word' id='word_1_80' title='bbox 464 1573 564 1659; x_wconf 93' lang='lat' dir='ltr'>(de</span> <span class='ocrx_word' id='word_1_81' title='bbox 592 1576 756 1638; x_wconf 92' lang='lat' dir='ltr'>orat.</span> <span class='ocrx_word' id='word_1_82' title='bbox 783 1572 854 1655; x_wconf 85' lang='lat'>11,</span> <span class='ocrx_word' id='word_1_83' title='bbox 884 1573 1061 1657; x_wconf 81' lang='grc'>265),</span> <span class='ocrx_word' id='word_1_84' title='bbox 1089 1572 1282 1638; x_wconf 93' lang='lat' dir='ltr'>testis</span> <span class='ocrx_word' id='word_1_85' title='bbox 1303 1576 1477 1638; x_wconf 88' lang='lat' dir='ltr'>erat:</span> <span class='ocrx_word' id='word_1_86' title='bbox 1507 1573 1585 1639; x_wconf 94' lang='lat' dir='ltr'>de</span> <span class='ocrx_word' id='word_1_87' title='bbox 1620 1577 1786 1640; x_wconf 88' lang='lat' dir='ltr'>orat.</span> <span class='ocrx_word' id='word_1_88' title='bbox 1813 1574 1890 1656; x_wconf 92' lang='lat' dir='ltr'>II,</span> <span class='ocrx_word' id='word_1_89' title='bbox 1915 1576 2033 1640; x_wconf 88' lang='lat'>48:</span> <span class='ocrx_word' id='word_1_90' title='bbox 2066 1577 2371 1658; x_wconf 75' lang='lat' dir='ltr'>explicavi</span> <span class='ocrx_word' id='word_1_91' title='bbox 2401 1580 2465 1642; x_wconf 79' lang='lat' dir='ltr'>in</span> <span class='ocrx_word' id='word_1_92' title='bbox 2489 1599 2556 1643; x_wconf 87' lang='lat' dir='ltr'>eo</span> <span class='ocrx_word' id='word_1_93' title='bbox 2574 1581 2911 1643; x_wconf 79' lang='lat' dir='ltr'>testimonio</span> 
     </span>
     <span class='ocr_line' id='line_1_12' title="bbox 461 1690 2911 1775; baseline 0.001 -20"><span class='ocrx_word' id='word_1_94' title='bbox 461 1692 710 1755; x_wconf 82' lang='lat' dir='ltr'>dicendo</span> <span class='ocrx_word' id='word_1_95' title='bbox 758 1693 967 1754; x_wconf 82' lang='lat' dir='ltr'>omnia</span> <span class='ocrx_word' id='word_1_96' title='bbox 1013 1690 1269 1754; x_wconf 82' lang='lat' dir='ltr'>consilia</span> <span class='ocrx_word' id='word_1_97' title='bbox 1315 1691 1672 1755; x_wconf 82' lang='lat' dir='ltr'>consulatus</span> <span class='ocrx_word' id='word_1_98' title='bbox 1717 1695 1853 1768; x_wconf 90' lang='lat' dir='ltr'>mei,</span> <span class='ocrx_word' id='word_1_99' title='bbox 1902 1691 2121 1772; x_wconf 82' lang='lat' dir='ltr'>quibus</span> <span class='ocrx_word' id='word_1_100' title='bbox 2168 1692 2258 1756; x_wconf 79' lang='lat' dir='ltr'>itti</span> <span class='ocrx_word' id='word_1_101' title='bbox 2304 1693 2549 1758; x_wconf 77' lang='lat' dir='ltr'>tribuno</span> <span class='ocrx_word' id='word_1_102' title='bbox 2571 1694 2663 1775; x_wconf 85' lang='lat' dir='ltr'>pl.</span> <span class='ocrx_word' id='word_1_103' title='bbox 2684 1715 2811 1775; x_wconf 85' lang='lat' dir='ltr'>pro</span> <span class='ocrx_word' id='word_1_104' title='bbox 2846 1715 2911 1758; x_wconf 87' lang='lat' dir='ltr'>re</span> 
     </span>
     <span class='ocr_line' id='line_1_13' title="bbox 454 1805 2914 1890; baseline 0.001 -21"><span class='ocrx_word' id='word_1_105' title='bbox 454 1805 699 1887; x_wconf 85' lang='lat' dir='ltr'>publica</span> <span class='ocrx_word' id='word_1_106' title='bbox 751 1808 1118 1882; x_wconf 76' lang='lat' dir='ltr'>restitissem,</span> <span class='ocrx_word' id='word_1_107' title='bbox 1167 1827 1419 1886; x_wconf 78' lang='lat' dir='ltr'>quoeque</span> <span class='ocrx_word' id='word_1_108' title='bbox 1463 1805 1541 1870; x_wconf 85' lang='lat' dir='ltr'>ab</span> <span class='ocrx_word' id='word_1_109' title='bbox 1589 1827 1656 1871; x_wconf 92' lang='lat' dir='ltr'>eo</span> <span class='ocrx_word' id='word_1_110' title='bbox 1718 1812 1936 1872; x_wconf 78' lang='lat' dir='ltr'>contra</span> <span class='ocrx_word' id='word_1_111' title='bbox 1999 1829 2128 1872; x_wconf 81' lang='lat' dir='ltr'>rem</span> <span class='ocrx_word' id='word_1_112' title='bbox 2160 1808 2479 1890; x_wconf 78' lang='lat' dir='ltr'>publicam</span> <span class='ocrx_word' id='word_1_113' title='bbox 2512 1806 2697 1888; x_wconf 83' lang='lat' dir='ltr'>sacta</span> <span class='ocrx_word' id='word_1_114' title='bbox 2747 1808 2914 1873; x_wconf 83' lang='lat' dir='ltr'>arbi-</span> 
     </span>
     <span class='ocr_line' id='line_1_14' title="bbox 464 1918 2913 2007; baseline 0.001 -22"><span class='ocrx_word' id='word_1_115' title='bbox 464 1926 689 1998; x_wconf 85' lang='lat' dir='ltr'>trarer,</span> <span class='ocrx_word' id='word_1_116' title='bbox 737 1923 1010 2003; x_wconf 77' lang='lat' dir='ltr'>exposui.</span> <span class='ocrx_word' id='word_1_117' title='bbox 1089 1918 1246 1984; x_wconf 91' lang='lat' dir='ltr'>Inde</span> <span class='ocrx_word' id='word_1_118' title='bbox 1294 1925 1589 2006; x_wconf 89' lang='lat' dir='ltr'>apparet,</span> <span class='ocrx_word' id='word_1_119' title='bbox 1646 1942 1715 1986; x_wconf 90' lang='lat' dir='ltr'>re</span> <span class='ocrx_word' id='word_1_120' title='bbox 1753 1943 1915 1986; x_wconf 87' lang='lat' dir='ltr'>vera</span> <span class='ocrx_word' id='word_1_121' title='bbox 1959 1943 2113 2004; x_wconf 92' lang='lat' dir='ltr'>non,</span> <span class='ocrx_word' id='word_1_122' title='bbox 2164 1922 2338 2007; x_wconf 89' lang='lat' dir='ltr'>quod</span> <span class='ocrx_word' id='word_1_123' title='bbox 2386 1923 2743 2005; x_wconf 88' lang='lat' dir='ltr'>imaginem</span> <span class='ocrx_word' id='word_1_124' title='bbox 2790 1923 2913 1987; x_wconf 83' lang='lat' dir='ltr'>Sa-</span> 
     </span>
     <span class='ocr_line' id='line_1_15' title="bbox 463 2034 2917 2124; baseline 0.001 -23"><span class='ocrx_word' id='word_1_125' title='bbox 463 2036 714 2101; x_wconf 92' lang='lat' dir='ltr'>turnini</span> <span class='ocrx_word' id='word_1_126' title='bbox 761 2034 937 2101; x_wconf 90' lang='lat' dir='ltr'>domi</span> <span class='ocrx_word' id='word_1_127' title='bbox 983 2035 1261 2100; x_wconf 90' lang='lat' dir='ltr'>haberet</span> <span class='ocrx_word' id='word_1_128' title='bbox 1309 2034 1443 2121; x_wconf 87' lang='lat' dir='ltr'>(pro</span> <span class='ocrx_word' id='word_1_129' title='bbox 1474 2035 1644 2102; x_wconf 84' lang='lat' dir='ltr'>Rab.</span> <span class='ocrx_word' id='word_1_130' title='bbox 1680 2037 1809 2124; x_wconf 84' lang='grc'>24),</span> <span class='ocrx_word' id='word_1_131' title='bbox 1873 2036 1989 2102; x_wconf 93' lang='lat' dir='ltr'>sed</span> <span class='ocrx_word' id='word_1_132' title='bbox 2054 2037 2229 2122; x_wconf 90' lang='lat' dir='ltr'>quod</span> <span class='ocrx_word' id='word_1_133' title='bbox 2288 2038 2357 2102; x_wconf 92' lang='lat' dir='ltr'>in</span> <span class='ocrx_word' id='word_1_134' title='bbox 2405 2039 2790 2103; x_wconf 89' lang='lat' dir='ltr'>universum</span> <span class='ocrx_word' id='word_1_135' title='bbox 2839 2042 2917 2104; x_wconf 91' lang='lat' dir='ltr'>ut</span> 
     </span>
     <span class='ocr_line' id='line_1_16' title="bbox 465 2151 2915 2240; baseline 0 -23"><span class='ocrx_word' id='word_1_136' title='bbox 465 2151 866 2218; x_wconf 85' lang='lat' dir='ltr'>Saturninus</span> <span class='ocrx_word' id='word_1_137' title='bbox 913 2151 981 2215; x_wconf 91' lang='lat' dir='ltr'>in</span> <span class='ocrx_word' id='word_1_138' title='bbox 1028 2172 1096 2215; x_wconf 93' lang='lat' dir='ltr'>re</span> <span class='ocrx_word' id='word_1_139' title='bbox 1143 2151 1410 2237; x_wconf 91' lang='lat' dir='ltr'>publica</span> <span class='ocrx_word' id='word_1_140' title='bbox 1440 2155 1751 2217; x_wconf 88' lang='lat' dir='ltr'>versatus</span> <span class='ocrx_word' id='word_1_141' title='bbox 1786 2157 1964 2220; x_wconf 91' lang='lat' dir='ltr'>esset</span> <span class='ocrx_word' id='word_1_142' title='bbox 1997 2152 2099 2240; x_wconf 86' lang='lat' dir='ltr'>(cf.</span> <span class='ocrx_word' id='word_1_143' title='bbox 2133 2175 2248 2239; x_wconf 93' lang='lat' dir='ltr'>pro</span> <span class='ocrx_word' id='word_1_144' title='bbox 2278 2154 2457 2219; x_wconf 86' lang='lat' dir='ltr'>Rab:</span> <span class='ocrx_word' id='word_1_145' title='bbox 2504 2176 2682 2221; x_wconf 88' lang='lat' dir='ltr'>suam</span> <span class='ocrx_word' id='word_1_146' title='bbox 2728 2159 2915 2240; x_wconf 71' lang='lat' dir='ltr'>siqni-</span> 
     </span>
     <span class='ocr_line' id='line_1_17' title="bbox 442 2267 2913 2356; baseline 0.001 -23"><span class='ocrx_word' id='word_1_147' title='bbox 442 2268 669 2349; x_wconf 83' lang='lat' dir='ltr'>ficavit</span> <span class='ocrx_word' id='word_1_148' title='bbox 747 2270 1063 2334; x_wconf 80' lang='lat' dir='ltr'>imitandoe</span> <span class='ocrx_word' id='word_1_149' title='bbox 1125 2267 1535 2350; x_wconf 77' lang='lat' dir='ltr'>improbitatis</span> <span class='ocrx_word' id='word_1_150' title='bbox 1592 2269 2012 2356; x_wconf 80' lang='lat' dir='ltr'>voluntatem),</span> <span class='ocrx_word' id='word_1_151' title='bbox 2062 2291 2215 2334; x_wconf 91' lang='lat' dir='ltr'>eum</span> <span class='ocrx_word' id='word_1_152' title='bbox 2286 2274 2676 2336; x_wconf 90' lang='lat' dir='ltr'>accusatum</span> <span class='ocrx_word' id='word_1_153' title='bbox 2748 2291 2913 2336; x_wconf 91' lang='lat' dir='ltr'>esse.</span> 
     </span>
     <span class='ocr_line' id='line_1_18' title="bbox 464 2381 2916 2472; baseline 0.001 -26"><span class='ocrx_word' id='word_1_154' title='bbox 464 2381 836 2446; x_wconf 89' lang='lat' dir='ltr'>Accedente</span> <span class='ocrx_word' id='word_1_155' title='bbox 899 2382 1165 2447; x_wconf 90' lang='lat' dir='ltr'>crimine</span> <span class='ocrx_word' id='word_1_156' title='bbox 1215 2383 1523 2464; x_wconf 87' lang='lat' dir='ltr'>imaginis</span> <span class='ocrx_word' id='word_1_157' title='bbox 1572 2383 1830 2467; x_wconf 92' lang='lat' dir='ltr'>equites</span> <span class='ocrx_word' id='word_1_158' title='bbox 1848 2384 1894 2472; x_wconf 80' lang='lat'>4)</span> <span class='ocrx_word' id='word_1_159' title='bbox 1960 2405 2112 2449; x_wconf 91' lang='lat' dir='ltr'>eum</span> <span class='ocrx_word' id='word_1_160' title='bbox 2175 2384 2668 2450; x_wconf 86' lang='lat' dir='ltr'>damnaverunt</span> <span class='ocrx_word' id='word_1_161' title='bbox 2734 2389 2802 2451; x_wconf 93' lang='lat' dir='ltr'>et</span> <span class='ocrx_word' id='word_1_162' title='bbox 2848 2386 2916 2450; x_wconf 93' lang='lat' dir='ltr'>in</span> 
     </span>
     <span class='ocr_line' id='line_1_19' title="bbox 468 2496 2916 2590; baseline 0.002 -27"><span class='ocrx_word' id='word_1_163' title='bbox 468 2496 737 2563; x_wconf 89' lang='lat' dir='ltr'>exilium</span> <span class='ocrx_word' id='word_1_164' title='bbox 792 2497 1118 2563; x_wconf 91' lang='lat' dir='ltr'>miserunt</span> <span class='ocrx_word' id='word_1_165' title='bbox 1179 2497 1355 2585; x_wconf 82' lang='lat' dir='ltr'>(Cic.:</span> <span class='ocrx_word' id='word_1_166' title='bbox 1403 2520 1526 2564; x_wconf 78' lang='lat' dir='ltr'>non</span> <span class='ocrx_word' id='word_1_167' title='bbox 1574 2502 1958 2566; x_wconf 78' lang='lat' dir='ltr'>retinendum</span> <span class='ocrx_word' id='word_1_168' title='bbox 2021 2505 2086 2566; x_wconf 75' lang='lat' dir='ltr'>in,</span> <span class='ocrx_word' id='word_1_169' title='bbox 2133 2502 2419 2590; x_wconf 84' lang='lat' dir='ltr'>civitate).</span> <span class='ocrx_word' id='word_1_170' title='bbox 2513 2500 2722 2584; x_wconf 89' lang='lat' dir='ltr'>Leges</span> <span class='ocrx_word' id='word_1_171' title='bbox 2772 2502 2916 2567; x_wconf 90' lang='lat' dir='ltr'>eius</span> 
     </span>
     <span class='ocr_line' id='line_1_20' title="bbox 468 2612 2919 2703; baseline 0.002 -25"><span class='ocrx_word' id='word_1_172' title='bbox 468 2613 809 2678; x_wconf 87' lang='lat' dir='ltr'>Liviarum</span> <span class='ocrx_word' id='word_1_173' title='bbox 847 2613 1150 2700; x_wconf 89' lang='lat' dir='ltr'>exempla</span> <span class='ocrx_word' id='word_1_174' title='bbox 1197 2612 1320 2700; x_wconf 86' lang='lat' dir='ltr'>(pg.</span> <span class='ocrx_word' id='word_1_175' title='bbox 1360 2615 1535 2699; x_wconf 83' lang='lat'>79,1)</span> <span class='ocrx_word' id='word_1_176' title='bbox 1585 2618 1706 2680; x_wconf 89' lang='lat' dir='ltr'>aut</span> <span class='ocrx_word' id='word_1_177' title='bbox 1751 2615 1884 2679; x_wconf 83' lang='lat' dir='ltr'>iam</span> <span class='ocrx_word' id='word_1_178' title='bbox 1934 2620 2138 2681; x_wconf 89' lang='lat' dir='ltr'>antea</span> <span class='ocrx_word' id='word_1_179' title='bbox 2184 2619 2306 2681; x_wconf 89' lang='lat' dir='ltr'>aut</span> <span class='ocrx_word' id='word_1_180' title='bbox 2338 2620 2510 2681; x_wconf 90' lang='lat' dir='ltr'>certe</span> <span class='ocrx_word' id='word_1_181' title='bbox 2541 2620 2695 2703; x_wconf 90' lang='lat' dir='ltr'>post</span> <span class='ocrx_word' id='word_1_182' title='bbox 2734 2616 2919 2682; x_wconf 88' lang='lat' dir='ltr'>dam-</span> 
     </span>
     <span class='ocr_line' id='line_1_21' title="bbox 466 2729 2464 2819; baseline 0.002 -25"><span class='ocrx_word' id='word_1_183' title='bbox 466 2730 806 2795; x_wconf 90' lang='lat' dir='ltr'>nationem</span> <span class='ocrx_word' id='word_1_184' title='bbox 854 2729 1192 2812; x_wconf 83' lang='lat' dir='ltr'>abrogatae</span> <span class='ocrx_word' id='word_1_185' title='bbox 1240 2732 1401 2794; x_wconf 91' lang='lat' dir='ltr'>sunt</span> <span class='ocrx_word' id='word_1_186' title='bbox 1447 2729 1840 2813; x_wconf 91' lang='lat' dir='ltr'>(Mommsen</span> <span class='ocrx_word' id='word_1_187' title='bbox 1889 2731 2101 2796; x_wconf 85' lang='lat' dir='ltr'>St.-R.</span> <span class='ocrx_word' id='word_1_188' title='bbox 2137 2731 2241 2814; x_wconf 91' lang='lat' dir='ltr'>III,</span> <span class='ocrx_word' id='word_1_189' title='bbox 2292 2731 2464 2819; x_wconf 82' lang='grc'>367).</span> 
     </span>
    </p>

    <p class='ocr_par' dir='ltr' id='par_1_4' title="bbox 468 2844 2919 3048">
     <span class='ocr_line' id='line_1_22' title="bbox 680 2844 2917 2934; baseline 0.002 -26"><span class='ocrx_word' id='word_1_190' title='bbox 680 2844 839 2924; x_wconf 75' lang='lat' dir='ltr'>Quae</span> <span class='ocrx_word' id='word_1_191' title='bbox 888 2846 1113 2911; x_wconf 91' lang='lat' dir='ltr'>omnia</span> <span class='ocrx_word' id='word_1_192' title='bbox 1160 2844 1245 2910; x_wconf 88' lang='lat' dir='ltr'>ad</span> <span class='ocrx_word' id='word_1_193' title='bbox 1294 2845 1639 2910; x_wconf 85' lang='lat' dir='ltr'>Saturnini</span> <span class='ocrx_word' id='word_1_194' title='bbox 1700 2846 2124 2912; x_wconf 91' lang='lat' dir='ltr'>tribunatum</span> <span class='ocrx_word' id='word_1_195' title='bbox 2170 2849 2517 2934; x_wconf 89' lang='lat' dir='ltr'>propterea</span> <span class='ocrx_word' id='word_1_196' title='bbox 2563 2847 2917 2933; x_wconf 88' lang='lat' dir='ltr'>pertinent,</span> 
     </span>
     <span class='ocr_line' id='line_1_23' title="bbox 468 2960 2919 3048; baseline 0.002 -24"><span class='ocrx_word' id='word_1_197' title='bbox 468 2960 642 3044; x_wconf 93' lang='lat' dir='ltr'>quod</span> <span class='ocrx_word' id='word_1_198' title='bbox 692 2962 990 3045; x_wconf 90' lang='lat' dir='ltr'>equitum</span> <span class='ocrx_word' id='word_1_199' title='bbox 1037 2962 1105 3025; x_wconf 91' lang='lat' dir='ltr'>in</span> <span class='ocrx_word' id='word_1_200' title='bbox 1152 2961 1504 3048; x_wconf 89' lang='lat' dir='ltr'>populares</span> <span class='ocrx_word' id='word_1_201' title='bbox 1573 2961 1802 3026; x_wconf 91' lang='lat' dir='ltr'>odium</span> <span class='ocrx_word' id='word_1_202' title='bbox 1851 2965 2053 3048; x_wconf 91' lang='lat' dir='ltr'>atque</span> <span class='ocrx_word' id='word_1_203' title='bbox 2087 2962 2468 3048; x_wconf 85' lang='lat' dir='ltr'>frequentes</span> <span class='ocrx_word' id='word_1_204' title='bbox 2502 2962 2919 3028; x_wconf 90' lang='lat' dir='ltr'>tribunorum</span> 
     </span>
    </p>
   </div>
   <div class='ocr_carea' id='block_1_3' title="bbox 468 3075 2920 3258">
    <p class='ocr_par' dir='ltr' id='par_1_5' title="bbox 468 3075 2920 3258">
     <span class='ocr_line' id='line_1_24' title="bbox 469 3075 2920 3162; baseline 0 -22"><span class='ocrx_word' id='word_1_205' title='bbox 469 3075 933 3141; x_wconf 90' lang='lat' dir='ltr'>seditiosorum</span> <span class='ocrx_word' id='word_1_206' title='bbox 996 3099 1216 3142; x_wconf 73' lang='lat' dir='ltr'>causae</span> <span class='ocrx_word' id='word_1_207' title='bbox 1274 3081 1624 3162; x_wconf 90' lang='lat' dir='ltr'>tamquam</span> <span class='ocrx_word' id='word_1_208' title='bbox 1685 3078 1904 3160; x_wconf 92' lang='lat' dir='ltr'>imago</span> <span class='ocrx_word' id='word_1_209' title='bbox 1967 3078 2288 3161; x_wconf 89' lang='lat' dir='ltr'>gravioris</span> <span class='ocrx_word' id='word_1_210' title='bbox 2350 3077 2511 3142; x_wconf 89' lang='lat' dir='ltr'>anni</span> <span class='ocrx_word' id='word_1_211' title='bbox 2561 3080 2688 3143; x_wconf 87' lang='grc'>100</span> <span class='ocrx_word' id='word_1_212' title='bbox 2747 3076 2920 3143; x_wconf 92' lang='lat' dir='ltr'>sedi-</span> 
     </span>
     <span class='ocr_line' id='line_1_25' title="bbox 468 3192 895 3258; baseline 0.005 -2"><span class='ocrx_word' id='word_1_213' title='bbox 468 3192 668 3256; x_wconf 90' lang='lat' dir='ltr'>tionis</span> <span class='ocrx_word' id='word_1_214' title='bbox 718 3195 895 3258; x_wconf 90' lang='lat' dir='ltr'>sunt.</span> 
     </span>
    </p>
   </div>
   <div class='ocr_carea' id='block_1_4' title="bbox 480 3330 905 3336">
    <p class='ocr_par' dir='ltr' id='par_1_6' title="bbox 480 3330 905 3336">
     <span class='ocr_line' id='line_1_26' title="bbox 480 3330 905 3336; baseline 0 0"><span class='ocrx_word' id='word_1_215' title='bbox 480 3330 905 3336; x_wconf 95' lang='lat' dir='ltr'> </span> 
     </span>
    </p>
   </div>
   <div class='ocr_carea' id='block_1_5' title="bbox 471 3387 2921 3633">
    <p class='ocr_par' dir='ltr' id='par_1_7' title="bbox 471 3387 2921 3633">
     <span class='ocr_line' id='line_1_27' title="bbox 688 3387 2919 3460; baseline 0.002 -22"><span class='ocrx_word' id='word_1_216' title='bbox 688 3387 725 3453; x_wconf 87' lang='lat'>¹)</span> <span class='ocrx_word' id='word_1_217' title='bbox 766 3387 846 3439; x_wconf 89' lang='lat' dir='ltr'>De</span> <span class='ocrx_word' id='word_1_218' title='bbox 875 3395 1007 3439; x_wconf 88' lang='lat' dir='ltr'>orat.</span> <span class='ocrx_word' id='word_1_219' title='bbox 1036 3388 1105 3454; x_wconf 90' lang='lat' dir='ltr'>II,</span> <span class='ocrx_word' id='word_1_220' title='bbox 1131 3388 1216 3454; x_wconf 84' lang='lat'>48,</span> <span class='ocrx_word' id='word_1_221' title='bbox 1246 3388 1436 3453; x_wconf 88' lang='lat' dir='ltr'>Obseq.</span> <span class='ocrx_word' id='word_1_222' title='bbox 1458 3390 1544 3456; x_wconf 90' lang='grc'>46,</span> <span class='ocrx_word' id='word_1_223' title='bbox 1572 3388 1690 3441; x_wconf 89' lang='lat' dir='ltr'>Val.</span> <span class='ocrx_word' id='word_1_224' title='bbox 1714 3390 1860 3460; x_wconf 82' lang='lat' dir='ltr'>Max,</span> <span class='ocrx_word' id='word_1_225' title='bbox 1883 3389 2031 3456; x_wconf 91' lang='lat' dir='ltr'>VIII,</span> <span class='ocrx_word' id='word_1_226' title='bbox 2056 3391 2081 3441; x_wconf 91' lang='lat'>1</span> <span class='ocrx_word' id='word_1_227' title='bbox 2106 3389 2286 3440; x_wconf 88' lang='lat' dir='ltr'>damn.</span> <span class='ocrx_word' id='word_1_228' title='bbox 2308 3390 2359 3456; x_wconf 88' lang='lat'>3,</span> <span class='ocrx_word' id='word_1_229' title='bbox 2380 3389 2597 3455; x_wconf 89' lang='lat' dir='ltr'>Ziegler</span> <span class='ocrx_word' id='word_1_230' title='bbox 2622 3390 2655 3441; x_wconf 89' lang='lat' dir='ltr'>l.</span> <span class='ocrx_word' id='word_1_231' title='bbox 2681 3390 2714 3445; x_wconf 92' lang='lat' dir='ltr'>l.</span> <span class='ocrx_word' id='word_1_232' title='bbox 2737 3404 2820 3455; x_wconf 87' lang='lat' dir='ltr'>pg.</span> <span class='ocrx_word' id='word_1_233' title='bbox 2836 3389 2919 3442; x_wconf 84' lang='lat'>15.</span> 
     </span>
     <span class='ocr_line' id='line_1_28' title="bbox 683 3474 2921 3544; baseline 0.001 -16"><span class='ocrx_word' id='word_1_234' title='bbox 683 3474 725 3542; x_wconf 72' lang='grc'>2)</span> <span class='ocrx_word' id='word_1_235' title='bbox 765 3474 834 3529; x_wconf 84' lang='lat' dir='ltr'>cf.</span> <span class='ocrx_word' id='word_1_236' title='bbox 863 3476 968 3529; x_wconf 86' lang='lat' dir='ltr'>Cic.</span> <span class='ocrx_word' id='word_1_237' title='bbox 998 3477 1145 3528; x_wconf 85' lang='lat' dir='ltr'>Brut.</span> <span class='ocrx_word' id='word_1_238' title='bbox 1175 3476 1307 3530; x_wconf 80' lang='lat'>225:</span> <span class='ocrx_word' id='word_1_239' title='bbox 1361 3484 1690 3529; x_wconf 80' lang='lat' dir='ltr'>consecutus</span> <span class='ocrx_word' id='word_1_240' title='bbox 1727 3477 2100 3530; x_wconf 78' lang='lat' dir='ltr'>Saturninum</span> <span class='ocrx_word' id='word_1_241' title='bbox 2140 3484 2189 3530; x_wconf 87' lang='lat' dir='ltr'>et</span> <span class='ocrx_word' id='word_1_242' title='bbox 2228 3477 2519 3530; x_wconf 79' lang='lat' dir='ltr'>Glauciam</span> <span class='ocrx_word' id='word_1_243' title='bbox 2557 3478 2921 3544; x_wconf 78' lang='lat' dir='ltr'>„seditiosus“</span> 
     </span>
     <span class='ocr_line' id='line_1_29' title="bbox 471 3564 2394 3633; baseline 0.001 -17"><span class='ocrx_word' id='word_1_244' title='bbox 471 3565 592 3616; x_wconf 85' lang='lat' dir='ltr'>trib.</span> <span class='ocrx_word' id='word_1_245' title='bbox 615 3565 722 3631; x_wconf 83' lang='lat' dir='ltr'>pl.;</span> <span class='ocrx_word' id='word_1_246' title='bbox 760 3564 826 3616; x_wconf 90' lang='lat' dir='ltr'>de</span> <span class='ocrx_word' id='word_1_247' title='bbox 867 3566 966 3631; x_wconf 89' lang='lat' dir='ltr'>leg.</span> <span class='ocrx_word' id='word_1_248' title='bbox 996 3565 1161 3632; x_wconf 87' lang='lat'>11,14</span> <span class='ocrx_word' id='word_1_249' title='bbox 1200 3566 1343 3632; x_wconf 89' lang='lat' dir='ltr'>leges</span> <span class='ocrx_word' id='word_1_250' title='bbox 1382 3565 1540 3618; x_wconf 75' lang='lat' dir='ltr'>Titiae</span> <span class='ocrx_word' id='word_1_251' title='bbox 1580 3573 1634 3617; x_wconf 87' lang='lat' dir='ltr'>et</span> <span class='ocrx_word' id='word_1_252' title='bbox 1672 3567 1957 3632; x_wconf 71' lang='lat' dir='ltr'>Appuleiae</span> <span class='ocrx_word' id='word_1_253' title='bbox 1998 3568 2394 3633; x_wconf 83' lang='lat' dir='ltr'>vituperantur.</span> 
     </span>
    </p>
   </div>
   <div class='ocr_carea' id='block_1_6' title="bbox 471 3653 2923 3811">
    <p class='ocr_par' dir='ltr' id='par_1_8' title="bbox 471 3653 2923 3811">
     <span class='ocr_line' id='line_1_30' title="bbox 686 3653 2919 3723; baseline 0.001 -18"><span class='ocrx_word' id='word_1_254' title='bbox 686 3653 728 3720; x_wconf 80' lang='lat'>⁸)</span> <span class='ocrx_word' id='word_1_255' title='bbox 768 3653 835 3706; x_wconf 86' lang='lat' dir='ltr'>cf.</span> <span class='ocrx_word' id='word_1_256' title='bbox 877 3654 985 3707; x_wconf 87' lang='lat' dir='ltr'>Cic.</span> <span class='ocrx_word' id='word_1_257' title='bbox 1025 3654 1091 3705; x_wconf 90' lang='lat' dir='ltr'>de</span> <span class='ocrx_word' id='word_1_258' title='bbox 1133 3656 1232 3721; x_wconf 89' lang='lat' dir='ltr'>leg.</span> <span class='ocrx_word' id='word_1_259' title='bbox 1273 3654 1344 3721; x_wconf 92' lang='lat' dir='ltr'>II,</span> <span class='ocrx_word' id='word_1_260' title='bbox 1381 3655 1481 3722; x_wconf 80' lang='lat'>313</span> <span class='ocrx_word' id='word_1_261' title='bbox 1528 3655 1810 3723; x_wconf 86' lang='lat' dir='ltr'>Wissowa,</span> <span class='ocrx_word' id='word_1_262' title='bbox 1858 3654 1974 3707; x_wconf 90' lang='lat' dir='ltr'>Rel.</span> <span class='ocrx_word' id='word_1_263' title='bbox 2013 3655 2122 3706; x_wconf 93' lang='lat' dir='ltr'>und</span> <span class='ocrx_word' id='word_1_264' title='bbox 2160 3655 2358 3708; x_wconf 88' lang='lat' dir='ltr'>Kultus</span> <span class='ocrx_word' id='word_1_265' title='bbox 2396 3655 2447 3707; x_wconf 91' lang='lat' dir='ltr'>d.</span> <span class='ocrx_word' id='word_1_266' title='bbox 2481 3654 2634 3707; x_wconf 75' lang='lat' dir='ltr'>Rom.</span> <span class='ocrx_word' id='word_1_267' title='bbox 2687 3671 2772 3721; x_wconf 87' lang='lat' dir='ltr'>pg.</span> <span class='ocrx_word' id='word_1_268' title='bbox 2801 3655 2919 3710; x_wconf 83' lang='lat'>458.</span> 
     </span>
     <span class='ocr_line' id='line_1_31' title="bbox 471 3742 2923 3811; baseline 0.001 -17"><span class='ocrx_word' id='word_1_269' title='bbox 471 3742 558 3794; x_wconf 92' lang='lat' dir='ltr'>Ab</span> <span class='ocrx_word' id='word_1_270' title='bbox 612 3743 951 3809; x_wconf 88' lang='lat' dir='ltr'>Obsequente</span> <span class='ocrx_word' id='word_1_271' title='bbox 1005 3743 1316 3810; x_wconf 88' lang='lat' dir='ltr'>haruspices</span> <span class='ocrx_word' id='word_1_272' title='bbox 1367 3743 1689 3811; x_wconf 85' lang='lat' dir='ltr'>afferuntur,</span> <span class='ocrx_word' id='word_1_273' title='bbox 1745 3742 1974 3796; x_wconf 87' lang='lat' dir='ltr'>fortasse</span> <span class='ocrx_word' id='word_1_274' title='bbox 2028 3752 2192 3811; x_wconf 87' lang='lat' dir='ltr'>recte,</span> <span class='ocrx_word' id='word_1_275' title='bbox 2246 3746 2499 3810; x_wconf 82' lang='lat' dir='ltr'>quoniam</span> <span class='ocrx_word' id='word_1_276' title='bbox 2551 3744 2798 3810; x_wconf 89' lang='lat' dir='ltr'>prodigia</span> <span class='ocrx_word' id='word_1_277' title='bbox 2853 3744 2923 3797; x_wconf 88' lang='lat' dir='ltr'>ab</span> 
     </span>
    </p>
   </div>
   <div class='ocr_carea' id='block_1_7' title="bbox 471 3831 2924 3900">
    <p class='ocr_par' dir='ltr' id='par_1_9' title="bbox 471 3831 2924 3900">
     <span class='ocr_line' id='line_1_32' title="bbox 471 3831 2924 3900; baseline 0.002 -19"><span class='ocrx_word' id='word_1_278' title='bbox 471 3832 761 3897; x_wconf 80' lang='lat' dir='ltr'>auguribus</span> <span class='ocrx_word' id='word_1_279' title='bbox 810 3834 1060 3884; x_wconf 87' lang='lat' dir='ltr'>nuntiata</span> <span class='ocrx_word' id='word_1_280' title='bbox 1099 3833 1446 3900; x_wconf 86' lang='lat' dir='ltr'>explicabant</span> <span class='ocrx_word' id='word_1_281' title='bbox 1493 3841 1560 3899; x_wconf 89' lang='lat' dir='ltr'>et,</span> <span class='ocrx_word' id='word_1_282' title='bbox 1601 3833 1867 3899; x_wconf 90' lang='lat' dir='ltr'>quomodo</span> <span class='ocrx_word' id='word_1_283' title='bbox 1905 3835 2271 3899; x_wconf 82' lang='lat' dir='ltr'>placarentur,</span> <span class='ocrx_word' id='word_1_284' title='bbox 2324 3831 2705 3900; x_wconf 85' lang='lat' dir='ltr'>significabant</span> <span class='ocrx_word' id='word_1_285' title='bbox 2760 3833 2924 3899; x_wconf 90' lang='lat' dir='ltr'>(Wis-</span> 
     </span>
    </p>
   </div>
   <div class='ocr_carea' id='block_1_8' title="bbox 472 3920 2924 4077">
    <p class='ocr_par' dir='ltr' id='par_1_10' title="bbox 472 3920 2924 4077">
     <span class='ocr_line' id='line_1_33' title="bbox 472 3920 2924 3989; baseline 0 -17"><span class='ocrx_word' id='word_1_286' title='bbox 472 3937 613 3973; x_wconf 88' lang='lat' dir='ltr'>sowa</span> <span class='ocrx_word' id='word_1_287' title='bbox 652 3921 684 3972; x_wconf 94' lang='lat' dir='ltr'>l.</span> <span class='ocrx_word' id='word_1_288' title='bbox 715 3922 745 3972; x_wconf 90' lang='lat' dir='ltr'>l.</span> <span class='ocrx_word' id='word_1_289' title='bbox 770 3938 854 3988; x_wconf 90' lang='lat' dir='ltr'>pg.</span> <span class='ocrx_word' id='word_1_290' title='bbox 885 3923 987 3976; x_wconf 83' lang='lat'>471</span> <span class='ocrx_word' id='word_1_291' title='bbox 1011 3926 1120 3987; x_wconf 91' lang='lat' dir='ltr'>sq.).</span> <span class='ocrx_word' id='word_1_292' title='bbox 1179 3922 1501 3988; x_wconf 84' lang='lat' dir='ltr'>Haruspices</span> <span class='ocrx_word' id='word_1_293' title='bbox 1539 3922 1703 3988; x_wconf 89' lang='lat' dir='ltr'>igitur</span> <span class='ocrx_word' id='word_1_294' title='bbox 1741 3922 1841 3989; x_wconf 90' lang='lat' dir='ltr'>„de</span> <span class='ocrx_word' id='word_1_295' title='bbox 1871 3923 1985 3988; x_wconf 90' lang='lat' dir='ltr'>lege</span> <span class='ocrx_word' id='word_1_296' title='bbox 2012 3938 2132 3989; x_wconf 76' lang='lat' dir='ltr'>quse</span> <span class='ocrx_word' id='word_1_297' title='bbox 2159 3920 2441 3974; x_wconf 87' lang='lat' dir='ltr'>ferebatur</span> <span class='ocrx_word' id='word_1_298' title='bbox 2465 3922 2924 3987; x_wconf 86' lang='lat' dir='ltr'>supersedendum</span> 
     </span>
     <span class='ocr_line' id='line_1_34' title="bbox 473 4011 1163 4077; baseline 0.003 -17"><span class='ocrx_word' id='word_1_299' title='bbox 473 4011 618 4061; x_wconf 88' lang='lat' dir='ltr'>esse“</span> <span class='ocrx_word' id='word_1_300' title='bbox 659 4012 1163 4077; x_wconf 89' lang='lat' dir='ltr'>pronuntiaverunt.</span> 
     </span>
    </p>
   </div>
   <div class='ocr_carea' id='block_1_9' title="bbox 473 4098 2925 4256">
    <p class='ocr_par' dir='ltr' id='par_1_11' title="bbox 473 4098 2925 4256">
     <span class='ocr_line' id='line_1_35' title="bbox 686 4098 2925 4168; baseline 0.001 -17"><span class='ocrx_word' id='word_1_301' title='bbox 686 4101 728 4164; x_wconf 84' lang='lat'>⁴)</span> <span class='ocrx_word' id='word_1_302' title='bbox 766 4100 851 4152; x_wconf 85' lang='lat' dir='ltr'>Ita</span> <span class='ocrx_word' id='word_1_303' title='bbox 903 4099 1009 4152; x_wconf 91' lang='lat' dir='ltr'>Cic.</span> <span class='ocrx_word' id='word_1_304' title='bbox 1052 4116 1150 4167; x_wconf 87' lang='lat' dir='ltr'>pro</span> <span class='ocrx_word' id='word_1_305' title='bbox 1201 4099 1334 4152; x_wconf 87' lang='lat' dir='ltr'>Rab.</span> <span class='ocrx_word' id='word_1_306' title='bbox 1365 4100 1458 4168; x_wconf 78' lang='lat'>243</span> <span class='ocrx_word' id='word_1_307' title='bbox 1515 4099 1699 4151; x_wconf 86' lang='lat' dir='ltr'>Valeri</span> <span class='ocrx_word' id='word_1_308' title='bbox 1751 4101 2008 4166; x_wconf 77' lang='lat' dir='ltr'>„contio“</span> <span class='ocrx_word' id='word_1_309' title='bbox 2061 4107 2155 4152; x_wconf 88' lang='lat' dir='ltr'>aut</span> <span class='ocrx_word' id='word_1_310' title='bbox 2206 4098 2344 4152; x_wconf 84' lang='lat' dir='ltr'>falso</span> <span class='ocrx_word' id='word_1_311' title='bbox 2398 4114 2430 4151; x_wconf 88' lang='lat' dir='ltr'>a</span> <span class='ocrx_word' id='word_1_312' title='bbox 2482 4099 2711 4152; x_wconf 89' lang='lat' dir='ltr'>Deciani</span> <span class='ocrx_word' id='word_1_313' title='bbox 2763 4115 2925 4153; x_wconf 83' lang='lat' dir='ltr'>causa</span> 
     </span>
     <span class='ocr_line' id='line_1_36' title="bbox 473 4184 2709 4256; baseline 0.001 -18"><span class='ocrx_word' id='word_1_314' title='bbox 473 4184 568 4255; x_wconf 85' lang='lat' dir='ltr'>(cf.</span> <span class='ocrx_word' id='word_1_315' title='bbox 597 4187 805 4255; x_wconf 86' lang='lat' dir='ltr'>Cicero)</span> <span class='ocrx_word' id='word_1_316' title='bbox 842 4190 1105 4240; x_wconf 79' lang='lat' dir='ltr'>translata</span> <span class='ocrx_word' id='word_1_317' title='bbox 1144 4195 1257 4256; x_wconf 89' lang='lat' dir='ltr'>aut,</span> <span class='ocrx_word' id='word_1_318' title='bbox 1295 4196 1355 4240; x_wconf 92' lang='lat' dir='ltr'>ut</span> <span class='ocrx_word' id='word_1_319' title='bbox 1393 4189 1593 4256; x_wconf 90' lang='lat' dir='ltr'>Lengle</span> <span class='ocrx_word' id='word_1_320' title='bbox 1633 4189 1666 4243; x_wconf 92' lang='lat' dir='ltr'>l.</span> <span class='ocrx_word' id='word_1_321' title='bbox 1690 4190 1723 4240; x_wconf 93' lang='lat' dir='ltr'>l.</span> <span class='ocrx_word' id='word_1_322' title='bbox 1753 4204 1837 4256; x_wconf 87' lang='lat' dir='ltr'>pg.</span> <span class='ocrx_word' id='word_1_323' title='bbox 1866 4189 1932 4243; x_wconf 77' lang='lat'>52</span> <span class='ocrx_word' id='word_1_324' title='bbox 1972 4197 2215 4256; x_wconf 88' lang='lat' dir='ltr'>conatur,</span> <span class='ocrx_word' id='word_1_325' title='bbox 2255 4189 2577 4255; x_wconf 82' lang='lat' dir='ltr'>explicanda</span> <span class='ocrx_word' id='word_1_326' title='bbox 2616 4196 2709 4240; x_wconf 88' lang='lat' dir='ltr'>est.</span> 
     </span>
    </p>
   </div>
  </div>
 </body>
</html>
