3485 5069
1588 356 1945 408 -21-

536 543 720 603 extra
767 536 976 601 urbem
1031 534 1241 600 fuisse
1299 532 1556 615 dicitur,
1616 554 1829 618 usque
1885 533 1971 598 ad
2019 532 2059 620 ξ
2102 534 2181 599 31
2236 533 2459 599 omnia
2506 554 2693 617 aeque
2740 532 2993 599 incerta

540 656 700 717 sunt
759 654 828 716 et
883 671 1012 736 quo
1060 649 1201 715 loco
1266 649 1679 715 accuratiora
1733 653 2218 735 exspectamuS,
2278 652 2507 715 textus
2555 649 2989 734 abrumpitur.

750 767 930 831 Inter
976 787 1216 831 causas
1264 765 1328 831 S.
1366 765 1453 847 C.,
1504 785 1651 848 quae
1697 765 1767 829 in
1816 763 1856 850 ξ
1890 766 1977 830 35
2005 768 2431 830 recensentur
2461 764 2727 829 Memmi
2766 786 2992 830 necem

540 882 664 948 sub
720 883 1018 966 „caedibus
1062 881 1321 947 οἱυὶιιφηιι
1389 881 1770 945 invenimus
1819 879 2131 945 adiuncto
2179 880 2358 946 facto
2408 879 2696 965 quodam
2743 881 2989 963 ignoto,

540 997 626 1064 ad
687 997 864 1082 quod
926 996 1088 1062 illud
1151 1019 1491 1082 „carcerem
1550 994 1846 1080 refreqe’ffl
1915 995 2185 1061 alludit:
2246 1017 2405 1061 nam
2455 995 2533 1061 de
2589 996 2814 1081 Equiti
2870 997 2990 1062 ab·

541 1113 848 1179 ductione
909 1135 969 1178 a.
1022 1115 1143 1178 101
1207 1112 1393 1177 facta
1454 1111 1624 1198 (Val.
1659 1112 1837 1178 Max,
1886 1112 2001 1194 IX,
2042 1115 2098 1193 7,
2137 1115 2195 1199 1)
2258 1133 2393 1177 non
2454 1111 2671 1177 solum
2728 1116 2994 1199 propter

540 1228 883 1295 Saturnini
961 1250 1221 1310 nomen,
1303 1227 1480 1313 quod
1549 1249 1592 1293 a
1660 1228 1926 1293 Valerio
1997 1231 2171 1294 certe
2241 1249 2372 1293 non
2446 1249 2526 1293 ea
2595 1228 2989 1314 implicatur,

541 1344 644 1430 (cf.
679 1345 853 1410 infra
900 1345 1004 1427 III,
1046 1347 1103 1431 1)
1163 1343 1281 1410 sed
1326 1344 1615 1409 maxime
1662 1346 1928 1429 propter
1988 1347 2252 1429 tempus
2300 1344 2588 1427 cogitare
2636 1365 2771 1409 non
2815 1344 2990 1426 licet,

540 1462 853 1547 quoniam
888 1463 1115 1525 nostro
1149 1459 1289 1525 loco
1325 1480 1406 1525 ea
1438 1463 1727 1541 tantum,
1764 1481 1910 1544 quae
1945 1459 2009 1524 S.
2039 1459 2103 1524 O.
2139 1460 2432 1545 proxime
2467 1462 2989 1542 antecesserunt,

540 1580 992 1641 memorantur
1025 1574 1128 1661 (cf.
1162 1574 1338 1640 infra
1370 1575 1469 1661 ΙΙ).
1519 1574 1741 1640 Etiam
1776 1573 2064 1639 consulis
2097 1574 2505 1657 relationem,
2542 1597 2689 1659 quae
2720 1575 2788 1639 in
2823 1574 2888 1642 S.
2924 1576 2989 1641 O.

538 1692 825 1758 fortasse
871 1691 1079 1777 repeti
1127 1689 1407 1773 solebat,
1459 1689 1563 1776 (cf.
1598 1689 1764 1755 Phil.
1793 1690 1961 1771 VIII,
2000 1691 2103 1777 14)
2151 1691 2269 1755 vix
2314 1689 2400 1756 ad
2447 1691 2725 1757 verbum
2772 1691 2991 1758 Cicero

540 1807 883 1894 expressit,
934 1805 1049 1891 qui
1095 1805 1225 1871 alio
1273 1805 1435 1888 loco,
1485 1809 1564 1871 ut
1610 1828 1812 1892 supra
1857 1804 2167 1890 vidimus,
2216 1828 2330 1892 pro
2363 1828 2519 1872 vero
2555 1806 2620 1873 S.
2656 1807 2721 1873 O.
2757 1807 2992 1873 fictum

540 1944 575 1987 e
621 1943 838 1987 rerum
886 1925 1225 2005 gestarum
1273 1922 1554 1988 scientia
1600 1920 1851 1988 attulit.
1948 1921 2078 1987 Sed
2124 1925 2192 1987 et
2237 1922 2379 1987 haec
2435 1926 2504 1988 et
2565 1926 2785 1988 cetera
2844 1944 2991 2008 quae

540 2039 830 2121 exhibet,
857 2039 1288 2120 accuratiora,
1320 2036 1550 2124 (eedem
1577 2038 1836 2103 Sancus
1863 2039 2244 2122 Antonique
2269 2037 2647 2124 praesidium
2671 2038 2990 2127 intelligo)

539 2155 853 2240 quoniam
877 2175 1013 2219 non
1038 2153 1370 2219 communi
1394 2172 1612 2219 rerum
1637 2157 1977 2236 gestarum
2002 2154 2333 2218 memoriae
2359 2175 2439 2219 ea
2465 2154 2789 2220 ascribere
2813 2154 2987 2238 licet,

539 2270 825 2335 fortasse
873 2291 956 2334 ex
986 2269 1301 2334 Hortensi
1349 2268 1732 2334 defensione
1779 2270 2098 2334 memoria
2138 2270 2435 2335 tenebat.
2516 2269 2992 2357 Ceteroquin

541 2384 1013 2451 seditionem
1076 2385 1259 2450 anni
1323 2386 1494 2467 100,
1562 2406 1714 2451 non
1771 2388 1858 2450 ut
1904 2384 2226 2467 accidit,
2287 2383 2421 2450 sed
2468 2389 2556 2451 ut
2602 2385 2991 2452 accidisse

541 2523 706 2568 eam
767 2501 1027 2567 animo
1093 2501 1245 2567 sibi
1308 2500 1665 2584 effinxit,
1732 2500 2117 2567 describit
2173 2501 2330 2567 arti
2384 2500 2799 2568 rhetoricae
2854 2523 2994 2570 nec

541 2616 1007 2684 enarrandis
1067 2618 1302 2683 rebus
1363 2618 1614 2700 gestis
1677 2615 2034 2700 studens;
2098 2639 2232 2703 qua
2292 2616 2370 2682 de
2431 2639 2499 2683 re
2561 2619 2869 2702 quamvis
2923 2620 2992 2685 in

542 2734 927 2799 universum
975 2754 1169 2799 nemo
1218 2732 1498 2816 dubitet,
1550 2732 1685 2820 (pro
1736 2734 1970 2799 ceteris
2018 2733 2352 2817 iudicium,
2404 2732 2579 2819 quod
2616 2734 2717 2799 vir
2749 2733 2994 2801 doctis-

541 2850 749 2915 simus
774 2849 845 2914 F.
872 2849 1037 2914 Leo:
1070 2848 1315 2915 Kultur
1341 2848 1454 2914 der
1479 2848 1911 2932 Gegenwart:
1946 2849 2064 2914 Die
2090 2849 2329 2932 griech.
2353 2847 2489 2914 und
2513 2849 2630 2916 lat.
2659 2849 2995 2917 Literatur

541 2963 678 3030 und
711 2964 1019 3050 Sprache,
1052 2986 1157 3051 pg.
1186 2965 1317 3028 334
1348 2986 1558 3050 nuper
1589 2964 1883 3051 protulit,
1917 2965 2079 3029 mihi
2109 2968 2350 3050 praesto
2385 2966 2508 3053 est)
2536 2986 2687 3030 cum
2717 2966 2787 3032 in
2819 2970 2993 3032 trac-

540 3079 764 3146 tandis
813 3080 971 3146 anni
1024 3082 1151 3146 100
1196 3081 1395 3146 rebus
1441 3081 1720 3145 nimium
1768 3081 1893 3145 viri
1941 3080 2115 3146 docti
2139 3082 2179 3168 ¹)
2242 3080 2568 3146 Ciceronis
2629 3081 2994 3147 Rabiriana

540 3195 643 3261 usi
694 3198 937 3277 essent,
986 3196 1054 3260 in
1104 3194 1533 3282 discerpenda
1578 3195 1753 3261 Tulli
1797 3194 1931 3262 fide
1979 3196 2215 3278 longus
2262 3196 2380 3262 fui.

1035 3428 1108 3508 b)
1160 3427 1357 3504 Quid
1407 3428 1499 3493 de
1546 3429 1849 3494 Metello
1897 3428 2160 3494 Cicero
2208 3430 2496 3495 iudicet.

753 3573 973 3640 Aliam
1032 3579 1235 3660 atque
1282 3575 1512 3641 Rabiri
1574 3597 1801 3658 causa,
1866 3576 2043 3643 Sesti
2099 3576 2394 3644 defensio
2453 3576 2539 3643 ad
2599 3600 2994 3647 commemo-

539 3690 819 3756 randam
846 3689 1188 3756 Saturnini
1215 3691 1608 3757 seditionem
1635 3692 1929 3758 Ciceroni
1954 3714 2191 3758 ansam
2215 3694 2582 3779 praebebat:
2615 3694 2683 3759 in
2708 3696 2995 3781 patriam

539 3805 748 3871 redux
795 3827 878 3871 ex
926 3806 1141 3889 exilio,
1191 3806 1368 3891 quod
1412 3829 1526 3893 pro
1574 3830 1643 3874 re
1688 3807 1957 3895 publica
2002 3808 2211 3874 libera
2258 3814 2658 3895 susceperat,
2724 3832 2873 3876 cum
2921 3811 2993 3892 Q.

540 3921 803 3986 Metello
862 3921 1230 4004 Numidico,
1303 3944 1501 4007 quem
1569 3925 1818 4010 pariter
1887 3924 2117 3990 consul
2184 3925 2492 3991 inimicus
2559 3929 2627 3991 et
2685 3926 2996 3992 tribunus

541 4036 897 4102 seditiosus
944 4037 1014 4102 in
1061 4037 1332 4103 exilium
1365 4043 1657 4122 egerant,
1708 4061 1857 4105 sese
1890 4041 2341 4126 comparabat.
2413 4043 2633 4126 Atque
2673 4063 2750 4108 eo
2782 4042 2997 4126 magis

541 4152 895 4235 orationeS,
946 4174 1115 4237 quas
1160 4156 1315 4239 post
1359 4154 1646 4219 reditum
1692 4154 1952 4238 habuit,
2002 4154 2180 4220 illius
2227 4155 2353 4221 viri
2400 4177 2597 4222 casus
2631 4158 2995 4242 attingunt,

541 4267 717 4352 quod
773 4289 808 4333 e
871 4270 1255 4335 consulibus
1319 4270 1480 4336 anni
1543 4272 1625 4336 57
1686 4270 1856 4336 alter
1915 4271 2188 4337 familiae
2250 4272 2524 4338 Gaeciliae
2582 4272 2998 4341 Metellorum

759 4482 797 4550 ¹)
838 4484 1050 4554 Bardey
1089 4486 1285 4552 passim
1325 4487 1380 4539 in
1421 4487 1602 4540 libello
1641 4488 1893 4556 laudat03
1932 4487 2299 4541 Mommsenus
2336 4487 2500 4544 St.-R.
2528 4489 2623 4555 111,
2665 4489 2818 4542 1244.
