3485 5069
1570 332 1925 384 -58-

1707 406 1786 447 ,a

521 519 674 578 oestu
734 511 948 597 (lectio
1004 512 1323 597 probatur
1383 532 1424 574 a
1471 509 1694 595 WVijga
1756 510 1852 573 De
1907 509 2066 574 viris
2117 510 2486 574 illustribus
2533 509 2697 575 liber
2744 509 2971 575 adnot.

523 630 661 694 crit.
711 627 798 692 ad
843 627 907 714 1.)
966 631 1170 692 incisis
1194 626 1435 708 fistulis
1482 631 1545 691 in
1592 628 1958 691 deditionem
2003 630 2273 708 accepit“
2321 630 2553 691 contra
2598 626 2977 691 attulerunt

522 743 795 809 adscitis
844 742 1181 807 Plutarchi
1230 740 1358 826 (30,
1409 742 1559 823 363,
1606 744 1666 805 1;
1716 732 1835 804 εἷλε
1866 739 2048 828 δίψει)
2099 741 2515 827 Appianique
2566 742 2634 826 (Ι,
2671 741 2775 823 32,
2816 742 2973 804 144;

521 852 634 925 ὑπὸ
682 858 870 945 δίψης
915 855 1344 944 ἀπολλύμενος)
1414 857 1657 922 verbis.
1776 857 1936 936 Quae
2004 878 2072 921 re
2141 878 2322 940 vera,
2396 858 2696 923 sirecte
2767 878 2976 921 unum

521 973 986 1041 tantummodo
1059 973 1232 1038 diem
1303 973 1672 1038 obsessioni
1746 971 2046 1037 concedit
2116 972 2356 1055 Cicero,
2432 972 2521 1057 (in
2571 973 2712 1038 Cat.
2763 973 2810 1055 Ι,
2842 973 2907 1059 4)
2931 973 2970 1059 1)

521 1111 818 1155 mensem
863 1089 1306 1154 Novembrem
1355 1092 1477 1153 aut
1522 1088 1952 1152 Decembrem
2000 1087 2382 1170 excludunt,
2434 1089 2750 1173 quoniam
2810 1088 2974 1153 fasti

520 1206 781 1271 illorum
828 1225 1155 1270 annorum
1201 1226 1244 1269 a
1289 1204 1464 1269 veris
1513 1224 1647 1268 non
1694 1202 1982 1268 multum
2031 1204 2509 1292 aberrabant.2)
2576 1203 2788 1283 Quam
2838 1202 2973 1267 dis-

522 1321 931 1408 crepantiam
1003 1322 1079 1384 ut
1139 1318 1538 1400 conciliaret,
1601 1319 1672 1382 in
1718 1317 1938 1383 media
1999 1322 2236 1385 aestate
2298 1320 2566 1385 comitia
2623 1318 2975 1384 collocavit

520 1435 780 1522 Bardey
843 1435 973 1521 (1.1.
1005 1456 1109 1520 pg.
1143 1435 1277 1521 14);
1337 1433 1513 1519 quod
1559 1434 1791 1520 paucis
1843 1435 2171 1520 probabit.
2267 1433 2398 1500 Sed
2446 1435 2792 1517 CiceroniS,
2861 1434 2972 1518 qui

521 1555 852 1634 senatum,
879 1554 1184 1635 utquam
1210 1550 1541 1615 celerrime
1567 1548 1821 1634 aliquid
1852 1551 1921 1614 in
1956 1549 2311 1615 Catilinam
2344 1553 2625 1632 statuat,
2654 1548 2971 1634 exemplis

519 1668 832 1753 temporis
881 1666 1142 1753 antiqui
1187 1665 1444 1747 incitat,
1495 1666 1700 1730 etiam
1749 1687 1896 1750 quae
1944 1665 2243 1751 pluribus
2277 1665 2511 1731 diebus
2542 1666 2727 1731 facta
2759 1668 2969 1745 erant,

518 1783 587 1847 in
635 1804 845 1847 unum
892 1783 1278 1848 contrahere
1325 1780 1612 1845 multum
1645 1782 1982 1847 intererat.
2056 1781 2142 1846 Et
2173 1782 2440 1847 omnino
2474 1786 2579 1848 tot
2608 1803 2713 1847 res
2746 1784 2972 1864 gestas

519 1898 696 1963 intra
726 1899 1017 1983 spatium
1052 1898 1365 1980 exiguum
1399 1898 1823 1983 comprimere
1855 1896 2197 1963 noluerim.
2282 1897 2351 1962 Si
2399 1902 2627 1963 autem
2658 1919 2772 1984 per
2804 1918 2971 1962 non-

519 2013 737 2078 nullos
787 2013 926 2079 dies
975 2012 1368 2078 seditionem
1417 2011 1829 2098 Capitolique
1878 2013 2379 2098 occupationem
2428 2017 2777 2078 extensam
2825 2034 2971 2078 esse

522 2127 858 2210 concedes,
909 2149 1122 2212 neque
1172 2128 1556 2193 fistularum
1604 2128 1992 2193 incisionem
2055 2151 2269 2214 neque
2320 2130 2741 2194 obsessorum
2789 2128 2970 2193 sitim

517 2243 627 2309 vel
673 2265 899 2309 mense
932 2244 1276 2309 Decembri
1325 2243 1666 2308 collectam
1714 2245 2079 2310 miraberis,
2153 2245 2373 2310 Etiam
2412 2244 2574 2309 illud
2606 2244 2971 2310 tenendum

523 2364 661 2426 est:
721 2360 796 2443 si,
847 2379 978 2444 quo
1027 2358 1130 2424 die
1176 2359 1429 2423 tribuni
1477 2361 1947 2441 magistratum
1992 2360 2275 2441 inibant,
2327 2359 2562 2426 seditio
2612 2364 2680 2426 et
2713 2363 2860 2425 orta
2907 2363 2975 2424 et

518 2497 818 2563 repressa
888 2478 1085 2559 esset,
1159 2475 1472 2562 quoniam
1542 2475 1638 2541 Ti.
1698 2474 1977 2541 Gracchi
2048 2476 2422 2562 exemplum
2491 2480 2732 2563 praesto
2805 2480 2967 2559 erat,

518 2595 689 2659 eius
722 2594 833 2658 rei
865 2592 1342 2658 mentionem
1376 2613 1827 2678 expressam
1862 2613 2014 2657 non
2048 2591 2893 2678 desideraremus3quae,
2915 2593 2971 2657 si

519 2731 668 2775 cum
700 2713 992 2775 extremo
1020 2707 1365 2773 seditionis
1399 2707 1502 2772 die
1536 2729 1596 2773 a.
1625 2707 1685 2773 d.
1712 2707 1805 2772 IV
1828 2707 1919 2773 Id.
1946 2708 2099 2773 Dec.
2128 2707 2519 2793 aequandus
2551 2712 2673 2791 est,
2706 2707 2969 2773 facilius

516 2825 1008 2908 neglegebatur.
1115 2824 1293 2888 Inter
1363 2824 1631 2889 comitia
1696 2823 2171 2908 Saturninique
2240 2823 2586 2889 interitum
2655 2828 2791 2890 tres
2859 2824 2969 2888 vel

517 2944 836 3026 quattuor
860 2943 1184 3026 ponentes
1216 2937 1693 3019 hebdomadas,
1728 2939 1971 3023 quibus
2005 2940 2347 3005 contiones
2368 2940 2411 3025 3)
2446 2940 2889 3021 habebantur,
2926 2961 2968 3004 a

515 3078 671 3123 vero
705 3055 888 3121 haud
919 3057 1204 3122 multum
1246 3055 1722 3120 aberrabimus.
1806 3055 2086 3141 Capitoli
2133 3057 2477 3142 occupatio
2526 3078 2681 3121 vero
2732 3078 2967 3121 secun-

517 3170 674 3235 dum
723 3171 1099 3257 Appianum
1147 3169 1415 3254 quidem
1464 3169 1592 3254 (32,
1632 3171 1781 3258 143)
1832 3171 2101 3235 comitia
2147 3171 2381 3236 statim
2429 3176 2662 3237 secuta
2694 3175 2822 3237 est:
2872 3176 2965 3255 at,

515 3287 831 3371 quoniam
879 3290 1083 3351 antea
1130 3286 1566 3351 Saturninum
1614 3286 1897 3352 rusticos
1946 3286 2267 3351 accivisse
2329 3286 2690 3370 contendit,
2756 3292 2968 3353 semet

513 3403 654 3488 ipse
700 3401 956 3467 refutat
1002 3405 1070 3467 et
1117 3401 1251 3466 alia
1295 3402 1411 3467 via
1456 3401 1572 3466 illa
1617 3398 1867 3467 ἐπῑοῦσα
1910 3395 2131 3487 ἡμέρα,
2181 3402 2472 3487 profecto
2521 3424 2655 3468 non
2690 3425 2724 3468 e
2758 3403 2963 3469 nihilo

732 3660 772 3725 ¹)
811 3676 911 3728 pro
948 3660 1133 3713 Rabir.
1157 3661 1224 3715 31
1254 3668 1306 3713 et
1331 3661 1470 3715 Phil.
1496 3661 1643 3729 VIII,
1670 3662 1737 3714 15
1776 3663 1908 3728 „illo
1949 3662 2070 3715 die“
2109 3678 2207 3729 pro
2246 3663 2471 3728 simplici
2499 3669 2646 3729 „tum
2672 3664 2967 3729 temporis‘,

514 3756 822 3817 usurpatur.

729 3837 770 3904 ²)
813 3837 881 3891 cf.
921 3838 1109 3905 Unger
1161 3839 1413 3892 Chronol.
1452 3840 1526 3890 Iv.
1557 3856 1603 3891 v.
1631 3840 1859 3891 Miillers
1897 3839 2204 3891 Handbuch
2242 3839 2318 3906 1¹,
2357 3855 2443 3905 pg.
2472 3840 2604 3906 6423
2642 3839 2963 3907 Holzapfel:

513 3924 665 3979 Rom.
695 3927 893 3980 Chron.
921 3928 1025 3981 312
1048 3944 1151 3996 sq.;
1191 3929 1404 3981 Soltau:
1443 3927 1594 3980 Rom.
1626 3928 1821 3981 Chron.
1848 3931 1918 3982 57
1940 3944 2050 3994 sqq.

729 4014 771 4084 ⁸)
810 4017 913 4069 Cic.
934 4017 1002 4069 de
1022 4018 1136 4074 har.
1156 4033 1294 4084 resp.
1316 4018 1401 4070 51.
1443 4017 1590 4070 Oros
1613 4017 1679 4084 V,
1707 4018 1794 4084 17,
1814 4018 1877 4086 63
1917 4019 2056 4071 Plut.
2081 4034 2123 4070 c.
2146 4018 2216 4071 30
2242 4018 2360 4070 init.
2387 4017 2453 4070 de
2482 4018 2622 4069 Mari
2649 4018 2814 4070 dubia
2841 4016 2963 4070 fide.

726 4104 770 4172 ⁴)
806 4105 974 4158 Recte
1002 4107 1062 4159 E.
1090 4107 1303 4175 Meyer:
1345 4106 1838 4172 Untersuchungen
1865 4124 1963 4158 zur
1989 4106 2308 4159 Geschichte
2330 4107 2378 4159 d.
2404 4107 2707 4174 Gracchen‚
2733 4124 2820 4174 pg.
2845 4108 2965 4175 107,

512 4192 656 4245 Adn.
680 4193 711 4246 1
752 4201 805 4246 et
840 4194 1192 4247 Kornemann
1233 4197 1265 4247 l.
1296 4198 1328 4247 l.
1358 4211 1442 4261 pg.
1467 4195 1551 4262 12,
1589 4195 1733 4246 Adn.
1765 4196 1814 4261 2,
1851 4195 2144 4247 Plutarcho
2196 4197 2251 4247 in
2293 4211 2354 4248 eo
2394 4195 2782 4263 obloquuntur,
2821 4196 2965 4264 quod

513 4282 570 4335 C.
599 4281 831 4335 Gracchi
869 4282 1188 4337 seditionem
1227 4301 1335 4337 non
1375 4286 1520 4336 intra
1558 4286 1717 4337 unius
1758 4283 1865 4336 diei
1902 4286 2194 4337 terminum
2232 4287 2522 4338 contineat.
2583 4285 2745 4337 Nullo
2784 4292 2966 4337 autem

510 4374 629 4425 iure
681 4370 807 4424 inde
859 4379 1234 4439 argumentum
1287 4374 1505 4439 petitur,
1558 4374 1701 4440 quod
1758 4374 1813 4425 in
1865 4374 2025 4426 rebus
2076 4375 2236 4441 gestis
2288 4376 2418 4425 anni
2470 4375 2573 4427 100
2626 4374 2963 4440 explicandis

513 4460 881 4514 adhibeamus
