3485 5069
1531 335 1921 388 —103—

502 521 646 584 tare
693 539 829 583 non
876 515 1098 582 audet.
1161 513 1553 601 Repudiatis
1602 515 1964 579 amicorum
2012 511 2321 594 consiliis,
2372 512 2586 597 quivi
2625 511 2954 595 agendum

504 655 650 699 esse
722 635 1031 714 censent,
1102 631 1170 695 in
1243 630 1514 695 exilium
1583 629 2038 694 voluntarium
2116 628 2557 716 proficiscitur
2635 628 2758 714 (pg.
2824 628 2952 715 23).

505 749 864 814 Saturnino
935 749 1211 830 rogante
1281 745 1571 828 legitime
1633 766 1813 830 aqua
1875 748 1944 810 et
2002 745 2139 827 igni
2185 744 2245 810 ei
2296 743 2729 826 interdicitur,
2781 742 2956 828 quod

504 864 744 930 scitum
793 862 1097 929 consules
1142 861 1550 927 renuntiant.

717 977 966 1044 Dcinde
1015 976 1138 1064 (pg.
1180 979 1281 1064 76)
1331 977 1402 1056 Ω.
1439 976 1789 1042 Servilium
1840 975 2229 1062 Caepionem,
2303 975 2479 1060 quod
2549 975 2695 1041 auri
2758 975 2957 1042 Tolo-

507 1096 654 1161 sani
700 1097 958 1181 partem
1007 1093 1178 1159 clam
1239 1093 1626 1179 seposuerit,
1697 1091 2063 1178 Appuleius
2111 1092 2180 1155 in
2229 1092 2665 1176 quaestionem
2735 1095 2957 1157 extra-

507 1210 906 1277 ordinariam
937 1208 1238 1296 postulat
1270 1208 1393 1295 (pg.
1427 1211 1551 1296 72).
1600 1208 1802 1291 ReuS,
1831 1208 1944 1292 qui
1967 1207 2217 1272 frustra
2247 1228 2362 1293 per
2386 1228 2651 1272 servum
2677 1210 2958 1273 matrem

508 1325 699 1391 deam
726 1325 1049 1391 sacrificio
1084 1325 1211 1390 sibi
1259 1324 1585 1408 conciliat,
1638 1322 1762 1409 (pg.
1803 1325 1905 1412 76)
1954 1344 2093 1387 una
2135 1344 2284 1387 cum
2317 1322 2545 1388 multis
2585 1322 2732 1388 aliis
2764 1344 2959 1409 pecu-

507 1441 688 1508 latus
737 1440 1152 1507 convincitur
1198 1443 1401 1526 atque
1450 1442 1589 1522 aut,
1651 1438 1828 1524 quod
1875 1437 2158 1503 multam
2204 1437 2488 1524 pendere
2535 1459 2670 1503 non
2716 1441 2957 1524 potest,

507 1561 628 1623 aut
687 1556 907 1642 quoad
968 1578 1117 1622 eam
1184 1555 1597 1642 pependerit,
1666 1555 1735 1620 in
1807 1575 2132 1620 carcerem
2188 1553 2524 1619 conicitur.
2619 1553 2807 1618 Unde
2879 1553 2956 1618 L.

507 1673 790 1759 Rhegini
835 1672 1086 1737 tribuni
1132 1671 1344 1757 plebis
1391 1671 1864 1736 intercessione
1912 1669 2233 1734 liberatus
2280 1668 2350 1733 in
2384 1668 2655 1744 exilium
2695 1669 2956 1752 migrat.

508 1789 671 1854 Post
717 1787 1082 1853 discessum
1128 1788 1308 1853 bona
1355 1786 1496 1851 eius
1543 1785 1968 1873 publicantur
2001 1783 2121 1871 (pg.
2160 1785 2283 1873 73).
2335 1784 2475 1864 Quo
2522 1783 2701 1850 facto
2748 1784 2960 1868 legem

510 1903 590 1969 de
683 1903 954 1970 coloniis
1055 1903 1298 1968 civium
1381 1901 1891 1986 Italicorumque
1968 1901 2038 1965 in
2114 1900 2423 1983 Siciliam,
2503 1899 2959 1965 Macedoniam

509 2020 834 2084 Achaiam
882 2017 1280 2084 deducendis
1314 2017 1716 2083 Saturninus
1775 2015 2021 2102 perfert
2068 2014 2192 2102 (pg.
2232 2018 2362 2105 75):
2398 2017 2503 2081 cui
2550 2015 2834 2098 additur,
2884 2019 2962 2081 ut

512 2134 597 2201 ad
644 2135 806 2218 legis
868 2134 1269 2221 Semproniae
1340 2132 1715 2219 exemplum
1786 2154 2025 2197 aurum
2090 2131 2412 2218 Caepionis
2482 2131 2568 2197 ad
2628 2130 2960 2197 ornandos

511 2250 793 2338 pecunia
839 2249 1104 2315 colonos
1150 2248 1573 2336 impendatur
1620 2247 1745 2335 (pg.
1785 2248 1909 2336 78).

725 2366 971 2431 Postea
1032 2367 1278 2447 autem,
1353 2385 1500 2428 cum
1570 2363 1783 2446 legem
1851 2363 2359 2429 frumentariam
2430 2362 2509 2428 de
2572 2363 2962 2449 semissibus

515 2481 917 2547 Saturninus
964 2480 1428 2567 promulgaret,
1464 2480 1535 2561 Ω.
1572 2479 1893 2546 Servilius
1927 2479 2142 2566 Caepio
2177 2481 2469 2564 quaestor
2514 2479 2723 2566 patris
2758 2500 2964 2545 causa

513 2599 583 2664 in
631 2597 971 2663 tribunum
1020 2596 1168 2662 odio
1215 2595 1512 2680 flagrans
1562 2595 1648 2661 ad
1694 2599 2005 2661 senatum
2052 2595 2272 2678 refert,
2346 2595 2651 2660 aerarium
2698 2598 2963 2661 tantam

512 2714 930 2798 largitionem
976 2734 1110 2778 non
1156 2712 1328 2799 pati3
1400 2712 1628 2797 itaque
1699 2715 1924 2798 patres
1995 2711 2376 2793 decernunt,
2450 2711 2508 2776 si
2555 2733 2703 2776 eam
2750 2699 2963 2793 legem

514 2830 916 2895 Saturninus
962 2828 1157 2912 ferat,
1207 2831 1437 2894 contra
1467 2849 1605 2893 rem
1636 2827 1972 2914 publicam
2020 2848 2172 2892 eum
2217 2826 2434 2892 facere
2468 2825 2694 2892 videri.
2751 2825 2963 2891 Nihil-

515 2947 776 3012 ominus
846 2944 1250 3010 Saturninus
1329 2944 1593 3027 collegis
1662 2943 2226 3028 intercedentibus
2296 2942 2622 3025 suffragia
2698 2941 2962 3025 colligit.

514 3062 684 3126 Tum
743 3081 899 3125 vero
963 3059 1176 3146 Caepio
1227 3060 1582 3146 optimates
1630 3060 1888 3142 incitat,
1948 3062 2027 3124 ut
2071 3059 2392 3145 impetum
2437 3057 2711 3140 faciant,
2761 3062 2964 3143 atque

515 3177 583 3241 vi
628 3176 1039 3259 rogationem
1085 3174 1361 3261 impedit
1408 3175 1531 3262 (pg.
1570 3177 1700 3259 64).
1796 3174 2070 3260 Propter
2130 3173 2302 3259 quod
2354 3174 2617 3256 crimen,
2681 3174 2851 3239 scita
2896 3175 2965 3239 in

516 3313 666 3357 eum
713 3290 855 3373 lege
903 3290 1228 3377 Appuleia
1276 3289 1354 3355 de
1401 3291 1664 3356 minuta
1710 3291 2066 3355 maiestate
2115 3287 2219 3376 (cf.
2254 3311 2357 3375 pg.
2396 3290 2523 3376 66),
2584 3290 2796 3376 Caepio
2846 3293 2967 3355 aut

516 3406 765 3489 eodem,
815 3409 937 3471 aut
983 3427 1080 3488 e0,
1131 3406 1244 3491 qui
1293 3407 1609 3492 sequitur,
1660 3427 1837 3470 anno
1885 3405 2136 3471 frustra
2183 3408 2555 3471 accusatur.

729 3521 1025 3588 Comitiis
1057 3522 1447 3604 tribuniciiS,
1483 3542 1630 3606 quae
1661 3521 2018 3607 tranquille
2051 3521 2385 3586 habentur
2417 3520 2541 3606 (pg.
2566 3522 2692 3607 84),
2732 3524 2967 3607 praeter

516 3638 952 3703 Saturninum
985 3637 1310 3722 Equitius,
1361 3638 1473 3722 qui
1508 3637 1630 3702 sub
1667 3658 1788 3703 suo
1821 3637 2088 3702 nomine
2120 3637 2290 3723 petit
2325 3636 2448 3723 (pg.
2487 3637 2683 3725 552),
2721 3636 2965 3702 Sextus

516 3753 730 3819 Titius
781 3753 904 3839 (pg.
941 3753 1046 3834 99)
1095 3752 1465 3839 populares,
1515 3752 1600 3817 M.
1635 3752 1905 3818 Porcius
1953 3752 2037 3817 M.
2087 3752 2134 3817 f.
2183 3752 2267 3816 M.
2301 3774 2363 3816 n.
2415 3751 2599 3835 Cat0,
2649 3751 2720 3831 Q.
2770 3752 2965 3817 Pom-

515 3869 703 3955 peius
752 3868 822 3948 Ω.
856 3868 902 3934 f.
936 3868 1155 3934 Rufus
1189 3868 1622 3951 designantur
1654 3868 1779 3954 (pg.
1816 3867 1988 3955 972)
2032 3867 2468 3933 Consulatum
2499 3867 2583 3934 M.
2612 3868 2964 3950 Antonius,

519 3986 596 4049 A.
668 3983 1074 4066 PostumiUS,
1147 3985 1217 4050 P.
1291 3983 1610 4050 Servilius
1681 3982 1980 4066 Glaucia,
2062 3983 2127 4048 C.
2198 3983 2550 4049 Memmius
2620 3986 2964 4070 appetunt.

518 4098 830 4183 Equibus
866 4098 1159 4165 Glauciae
1204 4100 1437 4185 petitio
1485 4091 1618 4165 non
1667 4099 2005 4185 accipitur,
2056 4097 2233 4183 quod
2266 4098 2748 4184 quadrennium
2796 4100 2969 4164 inter

516 4217 873 4300 praeturam
921 4222 989 4280 et
1036 4215 1457 4281 consulatum
1513 4214 1655 4298 lege
1702 4214 1907 4280 Villia
1966 4214 2195 4280 annali
2257 4214 2697 4280 constitutum
2744 4214 2966 4297 negle-

517 4330 689 4395 xerit
727 4330 852 4417 (pg.
890 4331 1015 4419 85).
1066 4331 1302 4396 Primis
1327 4332 1527 4414 igitur
1556 4331 1839 4396 comitiis
1886 4331 2221 4396 Antonius
2287 4332 2574 4411 creatur3
2646 4328 2712 4394 C.
2760 4329 2966 4394 Mem-

517 4446 724 4510 mium
757 4447 972 4511 virum
1006 4468 1223 4512 acrem
1257 4452 1325 4512 et
1365 4451 1730 4530 strenuum,
1770 4447 1957 4511 cuius
1992 4445 2414 4511 consulatum
2446 4466 2648 4531 quam
2680 4445 2968 4509 maxime
