3485 5069
1556 337 1910 391 -76-

510 518 579 582 111
625 516 970 600 Achaiam,
1036 515 1514 599 Macedoniam,
1578 515 1871 580 Siciliam
1920 514 2319 580 deducendis
2368 535 2517 579 eam
2565 519 2960 581 connecten-

507 633 713 699 tibus.
793 632 1105 698 Fortasse
1138 632 1482 718 Appianus
1535 630 1773 696 idcirco
1828 629 2275 717 praeferendus
2330 633 2452 712 est,
2503 630 2661 715 quia
2702 634 2963 717 propter

507 748 839 830 nobilium,
856 747 1344 813 contentionem
1373 747 1507 812 iam
1531 747 1812 833 primam
1837 746 2050 829 legem
2075 746 2510 811 Saturninum
2536 746 2665 811 nisi
2688 767 2803 832 per
2824 746 2963 810 vim

507 885 737 946 rogare
785 885 921 928 non
966 863 1264 950 potuisse
1313 866 1837 928 consentaneum
1886 865 2007 928 est.
2088 862 2414 942 Quoniam
2462 865 2692 927 autem
2751 861 2961 945 legem

511 977 590 1044 de
646 1000 808 1044 auro
866 978 1189 1065 Caepionis
1237 1000 1386 1043 cum
1435 978 1648 1044 altera
1693 977 1836 1070 lege
1887 976 1965 1043 de
2014 977 2286 1043 coloniis
2320 981 2553 1042 auctor
2603 976 2683 1042 de
2716 978 2836 1043 vir.
2869 976 2959 1043 ill.

512 1095 873 1177 coniungit,
923 1094 1053 1159 nisi
1084 1092 1289 1159 fidem
1321 1094 1380 1158 ei
1415 1092 1738 1176 denegare
1786 1094 2023 1175 maviS,
2075 1094 2291 1159 ambae
2336 1091 2515 1175 leges
2563 1091 2641 1157 de
2690 1092 2962 1158 coloniis

510 1214 873 1276 ceterarum
927 1211 1119 1276 seriei
1164 1208 1642 1296 praemittendae
1691 1213 1882 1292 sunt3
1923 1209 2023 1274 ita
2068 1212 2317 1292 tamen,
2357 1213 2435 1274 ut
2467 1209 2683 1295 spatio
2716 1208 2962 1274 maiore

509 1326 823 1412 temporis
872 1326 1142 1407 distent,
1191 1327 1350 1410 quia
1395 1326 1673 1412 priorem
1723 1329 1991 1390 tantum
2024 1325 2297 1410 exsequi
2328 1324 2549 1411 potuit
2577 1324 2961 1410 Appuleius,

508 1441 645 1507 Nec
706 1462 841 1506 non
903 1442 1111 1528 ipsius
1174 1441 1494 1528 Caepionis
1558 1440 1899 1506 damnatio
1956 1441 2084 1506 hac
2142 1441 2400 1505 ratione
2466 1441 2534 1504 in
2594 1462 2770 1505 anno
2839 1432 2965 1506 100

511 1557 898 1640 collocatur3
968 1557 1208 1643 priori
1278 1558 1477 1622 enim
1549 1556 1732 1640 legi,
1808 1557 1865 1621 si
1930 1557 2063 1621 iam
2125 1560 2269 1621 tum
2326 1555 2654 1622 multatus
2701 1554 2962 1639 fuisset,

511 1671 882 1739 clausulam
931 1672 1010 1737 de
1059 1694 1221 1738 auro
1271 1672 1674 1738 Saturninus
1724 1670 2109 1737 addidisset.
2192 1671 2380 1752 Quod
2425 1671 2712 1737 fortasse
2762 1671 2964 1736 etiam

510 1788 695 1853 locus
744 1788 1188 1873 Obsequentis
1237 1809 1289 1854 c.
1323 1790 1412 1852 44
1461 1788 1844 1853 confirmat:
1900 1809 2150 1873 „servus
2188 1789 2411 1854 Servili
2442 1788 2746 1871 Coepz’om's
2775 1791 2966 1853 matri

509 1906 639 1970 deoe
668 1926 729 1971 se
748 1907 1039 1988 proecidit
1084 1911 1141 1971 et
1190 1911 1368 1970 trans
1412 1926 1586 1969 mare
1630 1909 2015 1986 exportatus,
2064 1927 2138 1970 ne
2170 1926 2465 1985 umquam
2496 1902 2959 1970 reverteretur.“

509 2019 680 2084 Fieri
726 2021 901 2085 enim
932 2019 1170 2106 potuit⁷
1207 2022 1284 2084 ut
1314 2019 1453 2105 ipse
1471 2018 1685 2105 Caepio
1720 2040 1987 2084 servum
2022 2040 2216 2084 suum
2246 2023 2525 2101 cogeret,
2571 2021 2648 2084 ut
2681 2021 2961 2083 matrem

513 2134 705 2199 deam
739 2135 867 2200 sibi
900 2134 1278 2200 conciliaret
1325 2135 1432 2219 (cf.
1463 2134 1549 2200 ad
1580 2156 1748 2199 rem:
1796 2134 2154 2215 Wissowa,
2189 2134 2489 2217 Religion
2550 2133 2687 2198 und
2718 2132 2964 2198 Kultus

514 2248 627 2315 der
672 2251 933 2333 Romer,
982 2272 1084 2336 pg.
1119 2252 1270 2333 264,
1319 2249 1472 2316 6(111.
1510 2251 1592 2338 8).

722 2365 844 2431 Hae
890 2367 1091 2449 igitur
1137 2370 1299 2431 sunt
1342 2366 1556 2450 leges:
1605 2387 1783 2431 anno
1837 2367 1963 2431 103
1988 2367 2027 2454 ¹)
2077 2365 2482 2431 Saturninus
2529 2365 2740 2448 legem
2789 2364 2963 2446 tulit⁷

513 2484 592 2547 ut
637 2482 974 2548 veteranis
1038 2481 1389 2569 (exercitus
1438 2482 1803 2571 Africani‘P)
1865 2483 1932 2547 in
1980 2481 2206 2548 Africa
2252 2484 2535 2547 centena
2581 2481 2809 2565 iugera
2856 2503 2964 2546 as-

513 2598 957 2681 signarentur.
1005 2598 1045 2662 J
1051 2621 1165 2665 ure
1205 2599 1610 2682 „agrariam“
1651 2621 1866 2683 neque
1900 2597 1978 2663 de
2019 2597 2366 2681 „coloniis“
2406 2597 2617 2680 legem
2652 2596 2966 2683 appellari

517 2712 701 2779 tituli
750 2712 991 2780 docent
1039 2714 1142 2800 (cf.
1178 2714 1471 2798 Barthel‚
1537 2715 1664 2779 Zur
1711 2713 2105 2780 Geschichte
2155 2713 2268 2778 der
2313 2714 2685 2778 romischen
2732 2711 2967 2778 Stadte

512 2829 582 2894 in
646 2829 900 2896 Afrika.
996 2831 1170 2896 Diss.
1235 2830 1633 2896 Greifswald
1700 2832 1891 2913 1904,
1959 2852 2064 2916 pg.
2118 2831 2224 2896 10:
2287 2829 2547 2894 Dessau
2610 2829 2802 2894 inscr.
2854 2827 2965 2894 sel.

517 2946 692 3011 6790
741 2943 1088 3035 [Thibaris]
1139 2946 1204 3012 C.
1240 2945 1285 3011 I.
1321 2945 1392 3010 L.
1429 2946 1596 3028 VIII,
1652 2946 1886 3011 15450.
1942 2946 2178 3011 15454.
2231 2945 2448 3009 15455
2497 2943 2635 3033 [Uci
2682 2941 2966 3032 maius]).

520 3060 706 3126 Sicut
771 3063 977 3145 6111111,
1056 3066 1413 3148 postquam
1475 3061 1700 3145 religio
1772 3060 2097 3127 coloniam
2160 3059 2439 3126 Gracchi
2500 3060 2971 3144 Carthaginem

516 3177 776 3260 evertit,
813 3178 1303 3260 assignationes
1336 3181 1565 3242 tamen
1598 3177 1683 3242 ab
1719 3199 1795 3242 eo
1831 3176 2109 3242 decretae
2138 3176 2446 3264 perfectae
2480 3198 2627 3242 esse
2659 3174 2971 3241 videntur

516 3290 907 3377 (Mommsen
940 3293 1005 3359 C.
1033 3293 1078 3359 I.
1107 3293 1179 3359 L.
1215 3293 1260 3376 Ι,
1295 3315 1399 3379 pg.
1428 3294 1512 3358 97
1545 3323 1633 3350 =
1666 3293 1819 3359 Ges,
1848 3293 2180 3359 Schriften
2211 3294 2259 3377 Ι,
2297 3296 2354 3376 1,
2385 3293 2554 3379 124),
2604 3293 2703 3357 ita
2735 3291 2968 3357 Satur-

516 3407 735 3491 ninuS,
798 3430 882 3474 ne
945 3410 1302 3495 optimates
1365 3430 1638 3474 causam
1700 3408 2054 3475 resistendi
2114 3409 2458 3490 haberent,
2522 3408 2608 3473 ab
2663 3407 2853 3473 initio
2900 3408 2970 3471 in

518 3543 838 3608 pagorum
885 3523 1167 3589 formam
1216 3523 1481 3590 colonos
1522 3525 1841 3590 constitui
1886 3524 2131 3590 voluit:
2178 3525 2353 3606 Ager
2397 3521 2701 3609 publicus
2746 3522 2971 3609 populi

519 3638 805 3704 Romani
851 3640 920 3703 in
968 3638 1194 3704 Africa
1240 3641 1412 3705 situs
1460 3641 1593 3704 iam
1640 3641 1708 3704 in
1757 3640 1900 3723 lege
1949 3640 2211 3722 agraria
2258 3639 2322 3705 C.
2357 3639 2403 3704 I.
2438 3637 2510 3704 L.
2559 3639 2649 3720 11,
2698 3660 2802 3725 pg.
2846 3640 2969 3704 100

521 3760 1099 3839 commemoratur3
1162 3755 1334 3822 bello
1395 3755 1798 3837 Jugurthino
1859 3755 2146 3821 fortasse
2214 3759 2454 3821 auctus
2525 3758 2698 3837 erat3
2767 3757 2970 3838 atque

523 3868 848 3936 Ciceronis
898 3875 1097 3937 aetate
1144 3892 1297 3958 pars
1346 3871 1488 3936 eius
1538 3873 1883 3956 supererat
1943 3869 2044 3956 (de
2093 3869 2234 3953 lege
2283 3892 2418 3952 agr.
2468 3870 2514 3952 Ι,
2556 3872 2666 3952 10;
2713 3870 2788 3951 ΙΙ,
2838 3867 2967 3955 58).

738 4109 774 4176 ¹)
827 4117 973 4162 recte
1025 4126 1205 4162 omnes
1257 4112 1583 4163 recentiores
1635 4111 1997 4162 testimonium
2050 4111 2284 4163 auctoris
2336 4112 2402 4163 de
2456 4111 2551 4162 vir.
2580 4111 2653 4161 ill.
2683 4110 2969 4177 accipiunt.

520 4198 601 4250 De
652 4198 726 4250 M.
769 4198 949 4251 Baebio
1000 4199 1213 4252 tribuno
1253 4200 1385 4251 nihil
1425 4208 1691 4265 praeterea
1729 4200 1989 4265 comperti
2025 4200 2299 4252 habemus,
2376 4199 2551 4265 Vulgo
2592 4198 2819 4251 cundem
2859 4214 2971 4250 esse

520 4294 737 4338 censent
776 4295 936 4353 atque
975 4288 1145 4354 illum,
1178 4289 1270 4354 qui
1296 4304 1327 4339 a
1353 4289 1626 4354 Jugurtha
1653 4296 1937 4355 corruptus
1964 4296 2044 4341 est
2084 4287 2152 4340 cf.
2183 4288 2460 4357 Pauly-W.
2485 4289 2554 4356 ΙΙ,
2580 4288 2719 4341 2729
2758 4287 2971 4355 N0.10;

518 4373 745 4428 fortasse
797 4384 978 4428 autem
1025 4377 1223 4429 rectius
1271 4394 1374 4430 non
1414 4378 1796 4430 discernendus
1839 4379 1908 4430 ab
1948 4395 2027 4446 e0,
2066 4394 2222 4445 quem
2261 4378 2464 4430 Marius
2502 4378 2721 4429 occidit:
2761 4378 2899 4443 App.
2929 4376 2974 4442 Ι,

520 4465 606 4531 72,
644 4464 672 4533 ἓ
711 4466 845 4532 332;
885 4464 1027 4517 17161,
1057 4466 1126 4531 ΙΙ,
1153 4467 1203 4532 9,
1232 4467 1300 4518 14
1338 4491 1407 4512 =
1446 4468 1584 4533 Aug.
1624 4468 1719 4519 civ.
1749 4468 1800 4518 d.
1833 4467 1928 4533 111,
1966 4469 2051 4535 27,
2091 4467 2442 4535 Pauly-Wiss⁸
2470 4466 2539 4532 ΙΙ,
2566 4467 2724 4533 2730,
2761 4466 2857 4518 Nc.
2887 4466 2970 4519 17.
