3485 5069
1549 341 1907 392 -44-

504 538 672 601 quas
721 520 920 602 capta
981 516 1142 581 urbe
1189 516 1438 581 Marius
1462 517 1501 603 ¹)
1566 518 1861 582 exercuit
1920 517 2037 601 ita,
2103 521 2180 582 ut
2228 516 2306 582 de
2354 520 2604 584 Antoni
2652 521 2868 606 capite
2920 543 2961 585 a

502 632 709 697 Mario
757 633 826 697 in
876 654 1109 698 mensa
1140 633 1356 719 posito
1391 631 1601 717 deque
1635 632 2057 698 interfectore
2092 633 2177 698 ab
2214 632 2445 699 eodem
2477 635 2547 698 in
2580 635 2960 721 amplexum

502 752 762 834 recepto
813 752 1065 814 taceret
1112 749 1298 834 (App.
1333 749 1379 831 I,
1435 750 1543 831 72;
1593 748 1768 814 Plut.
1805 771 1858 815 c.
1891 750 2004 831 44;
2054 749 2135 816 cf.
2165 748 2346 815 Oros.
2375 750 2454 833 V,
2494 752 2595 833 19,
2633 752 2745 835 233
2790 752 2957 818 Flor.

503 864 580 946 ΙΙ,
617 866 676 947 9,
716 865 822 946 14;
871 863 1018 929 Val.
1055 864 1230 929 Max.
1265 864 1374 946 IX,
1411 866 1471 946 2,
1509 865 1592 951 2).
1689 863 1876 944 Quod
1926 864 2008 929 ad
2060 864 2277 931 Catuli
2324 866 2668 932 interitum
2717 869 2962 933 attinet

505 1001 923 1045 communem
983 979 1240 1045 fontem
1299 979 1625 1045 Diodorus
1689 981 1940 1063 arguit:
2003 981 2192 1047 Diod.
2237 981 2713 1066 XXXVIIIJIX,
2763 982 2883 1065 frg.
2917 985 2960 1047 4

502 1094 1001 1180 rei‘ptczusseuxdig
1025 1092 1143 1161 ἀπὸ
1162 1095 1451 1182 Κίμβρων
1472 1145 1486 1160 .
1511 1145 1525 1160 .
1547 1149 1560 1162 .
1578 1095 1759 1162 τοῦτο
1787 1121 1960 1181 μενον
1986 1091 2112 1162 εἶπε
2131 1118 2143 1132 ·
2161 1100 2374 1163 ςἑανεῖν
2398 1101 2588 1163 tet:
2604 1098 2778 1164 Plut.
2807 1100 2957 1181 379,

506 1212 610 1276 22.
648 1213 731 1275 27
766 1210 1292 1296 συνῗριαμβεύσας
1337 1209 1457 1277 ἀπὸ
1484 1211 1773 1298 Κίμβρων
1800 1265 1810 1277 .
1838 1264 1850 1278 .
1880 1209 2168 1278 ,τοσοῦτο
2218 1207 2397 1298 μόνον
2446 1208 2961 1281 εἶπε·ἀποῗανεῐν

504 1331 610 1393 δεῖ.
673 1327 948 1392 Recedit
994 1349 1036 1392 a
1069 1326 1350 1393 Diodoro
1390 1327 1790 1393 Plutarchus
1838 1328 1907 1392 in
1954 1350 2029 1394 eo
2080 1332 2365 1412 tantum,
2417 1329 2592 1414 quod
2640 1330 2807 1396 alios
2842 1352 2954 1416 pro

508 1442 742 1508 Catulo
793 1447 1060 1509 orantes
1107 1442 1301 1526 facit,
1349 1444 1695 1530 Appianus
1729 1443 2042 1510 Catulum
2074 1445 2412 1527 ingratum
2444 1445 2652 1511 fuisse
2688 1450 2959 1511 conten-

505 1560 667 1626 dens
715 1580 1078 1643 vocemque
1141 1558 1470 1624 crudelem
1527 1558 1885 1639 ‚o’trco‘itowetv
1932 1563 2038 1626 δεῖί
2087 1561 2403 1626 omittens
2466 1561 2745 1627 colorem
2805 1584 2958 1627 nar-

503 1677 782 1742 rationis
836 1675 1132 1741 mutavit
1192 1674 1258 1760 (I,
1315 1676 1416 1757 74,
1468 1673 1507 1762 ξ
1557 1676 1706 1758 341,
1758 1676 1930 1763 342).
2024 1675 2329 1763 Bardyaei
2392 1676 2757 1742 secundum
2802 1678 2960 1742 Plu-

504 1793 810 1858 tarchum
858 1792 1044 1876 (Mar.
1078 1792 1185 1874 44,
1236 1813 1339 1878 pg.
1377 1792 1526 1874 379,
1562 1793 1646 1857 29
1668 1812 1765 1876 sq.
1811 1822 1897 1849 =
1946 1792 2113 1858 Sert.
2150 1794 2210 1875 5,
2259 1815 2363 1878 pg.
2401 1794 2505 1875 92,
2556 1794 2641 1857 24
2690 1793 2809 1879 sq.)
2859 1795 2960 1859 in-

502 1909 645 1974 vito
677 1908 884 1973 Mario
935 1930 976 1973 a
1009 1907 1214 1973 Cinno
1249 1907 1667 1992 Sertorioque
1703 1907 2065 1991 caeduntur,
2117 1909 2202 1974 ab
2234 1910 2537 1995 Appiano
2572 1931 2720 1974 cum
2753 1910 2959 1975 Mario

503 2025 770 2091 omnino
819 2044 953 2089 non
1000 2024 1536 2111 consociantur.2)

714 2139 1004 2224 Appiani
1066 2137 1144 2204 de
1192 2139 1359 2203 Mari
1416 2143 1625 2205 morte
1686 2139 1903 2204 versio
1954 2139 2021 2222 (I,
2077 2141 2177 2222 75,
2229 2140 2380 2227 346)
2429 2141 2636 2226 primo
2686 2145 2960 2227 aspectu

504 2254 817 2337 maligna,
880 2277 948 2319 re
1010 2276 1171 2320 vera
1229 2255 1442 2337 inagis
1505 2255 1565 2320 ei
1625 2255 1816 2321 favet
1876 2277 2079 2340 quam
2141 2255 2571 2321 Plutarchea:
2631 2257 2871 2342 quippe
2920 2279 2962 2322 a

504 2370 770 2436 Diodori
832 2371 1158 2454 XXXVII,
1222 2372 1326 2454 29,
1384 2374 1438 2436 1.
1490 2372 1550 2436 2.
1618 2370 1721 2456 (cf.
1784 2370 2126 2436 Schwartz
2186 2371 2641 2457 Pauly-Wiss.
2678 2372 2757 2454 V,
2811 2373 2960 2460 690)

503 2508 625 2553 nec
693 2507 826 2553 non
898 2508 940 2552 a
1010 2485 1346 2553 Posidonii
1417 2486 1611 2574 (Plut.
1654 2508 1759 2574 pg.
1796 2489 1945 2569 381,
1983 2488 2044 2576 5)
2117 2491 2185 2553 et
2255 2487 2319 2553 G.
2368 2487 2627 2553 Pisonis
2647 2488 2691 2576 3)
2765 2487 2960 2576 (Plut.

724 2695 760 2756 ¹)
806 2691 876 2746 cf.
916 2693 944 2761 ἓ
981 2693 1085 2747 337
1139 2708 1259 2746 cum
1310 2694 1602 2746 Plutarcho
1649 2710 1734 2761 pg.
1774 2694 1895 2760 377,
1937 2693 2004 2745 29
2042 2724 2113 2731 -
2148 2694 2272 2761 378,
2310 2694 2404 2761 15;
2468 2694 2610 2746 idem
2666 2694 2853 2746 Livius
2891 2695 2963 2761 (22)

505 2784 607 2836 Dio
646 2782 1085 2835 XXX—XXXV
1123 2781 1225 2849 frg.
1257 2783 1377 2850 102,
1415 2784 1448 2836 8
1477 2784 1532 2835 Β.
1585 2783 1630 2834 F
1637 2784 1732 2835 lor.
1771 2784 1839 2847 ΙΙ,
1878 2783 1928 2850 9,
1968 2784 2035 2836 16
2074 2782 2140 2836 de
2188 2783 2242 2836 C.
2273 2783 2484 2835 Caesare
2531 2785 2793 2835 nonnulla
2832 2800 2965 2851 prae-

504 2874 762 2925 termisit:
803 2871 873 2925 cf.
902 2872 1022 2925 Val.
1051 2873 1194 2924 Max,
1223 2872 1320 2939 IX,
1359 2872 1408 2941 2,
1435 2873 1484 2940 2,
1524 2874 1590 2940 V,
1614 2873 1667 2940 3,
1691 2873 1725 2926 3
1746 2874 1778 2941 ς’
1812 2873 1877 2925 de
1918 2872 2103 2925 Baebio
2143 2880 2195 2924 et
2222 2872 2525 2925 Numitorio
2551 2872 2697 2925 Flor.
2728 2873 2796 2939 II,
2825 2874 2875 2939 9,
2898 2872 2962 2924 14

506 2979 533 3015 e
573 2978 677 3028 quo
717 2964 856 3027 Aug.
887 2962 984 3013 civ.
1013 2962 1064 3014 (1.
1093 2962 1190 3027 III,
1217 2962 1323 3028 27).
1903 3006 1910 3012 .

718 3050 759 3119 ἦ
799 3051 882 3102 De
909 3050 1069 3103 Sexto
1096 3051 1300 3102 Lucino
1325 3052 1412 3109 (45
1438 3066 1527 3117 pg.
1548 3051 1672 3118 380,
1699 3050 1766 3103 11
1789 3052 1889 3116 sq.)
1918 3051 2270 3116 quaestionem
2298 3050 2596 3103 diiudicare
2626 3066 2729 3102 non
2758 3050 2962 3119 aude03

506 3139 733 3193 fortasse
754 3146 900 3192 recte
922 3139 1160 3191 Velleius
1186 3139 1274 3205 (II,
1296 3139 1380 3206 24,
1400 3140 1454 3206 2)
1480 3140 1537 3191 Ρ.
1560 3139 1840 3192 Laenatem
1867 3146 1931 3192 tr.
1956 3140 2027 3206 pl.
2051 3155 2173 3191 eum
2202 3155 2420 3192 necasse
2440 3140 2572 3191 dicit
2591 3140 2965 3192 tribunicium-

505 3245 608 3295 que
646 3230 913 3297 appellat3
955 3228 1080 3280 inde
1121 3228 1190 3280 ad
1228 3229 1464 3281 Marium
1503 3230 1788 3295 iuniorem,
1827 3229 1978 3281 cuius
2016 3229 2307 3281 crudelitas
2335 3236 2466 3281 nota
2506 3236 2637 3293 erat,
2677 3245 2763 3281 res
2789 3238 2964 3282 trans-

505 3320 618 3371 lata
656 3333 789 3383 eque
829 3318 1119 3371 tribunicio
1145 3319 1395 3371 tribunus
1422 3316 1599 3372 factus
1627 3325 1705 3371 est
1731 3320 1831 3386 (ita
1857 3319 1961 3371 Dio
1987 3318 2425 3370 XXX—XXXV
2454 3318 2573 3385 102,
2591 3319 2621 3370 2
2650 3320 2741 3384 qui
2768 3319 2964 3371 additis

506 3408 682 3460 verbis
721 3407 855 3477 ὅπερ
891 3406 1080 3463 οὐδεὶς
1119 3405 1270 3464 ἄλλος
1306 3404 1607 3459 ἐπεπόνθει
1632 3408 1912 3460 tribunum
1939 3409 2113 3474 ipsum
2139 3414 2325 3474 aperte
2354 3406 2657 3474 significat).
2716 3408 2962 3473 Denique

506 3496 651 3564 apud
702 3496 914 3548 Livium
961 3496 1101 3564 (Per.
1129 3496 1218 3565 80)
1269 3497 1726 3562 Plutarchumque
1780 3513 1877 3563 pro
1931 3498 2140 3549 iuniore
2177 3497 2354 3549 Mario
2407 3504 2563 3563 pater
2612 3498 2815 3563 positus
2868 3503 2962 3548 est.

505 3585 741 3638 Laenatis
790 3600 984 3637 nomen
1023 3600 1086 3636 eo
1125 3584 1544 3653 commendatur,
1593 3584 1737 3650 quod
1785 3586 1902 3637 iure
1940 3585 2159 3637 tribuno
2196 3600 2348 3636 reum
2387 3585 2729 3651 praecipitare
2769 3584 2965 3636 licebat

502 3675 818 3741 (Mommsen
860 3671 1270 3740 St.-R.1³,146)
1310 3690 1481 3739 neque
1521 3690 1617 3741 pro
1656 3674 1874 3726 homine
1914 3680 2040 3727 noto
2079 3675 2162 3726 vir
2199 3675 2512 3739 ceteroquin
2551 3674 2764 3739 ignotus
2802 3672 2964 3726 facile

506 3763 980 3831 introducebatur3
1015 3762 1282 3814 Lucinum
1307 3762 1680 3829 Luciliumque
1710 3764 1941 3815 eundem
1970 3779 2082 3815 esse
2111 3778 2268 3815 nemo
2296 3778 2405 3814 non
2434 3762 2579 3814 videt
2604 3761 2697 3827 (cf.
2723 3762 2963 3814 Linden:

505 3853 587 3904 De
640 3853 782 3905 bello
834 3852 1075 3905 Sullano.
1150 3852 1289 3905 Diss.
1330 3852 1601 3919 Freiburg
1627 3853 1772 3905 i.Br.
1802 3853 1957 3919 1896,
1997 3868 2079 3919 pg.
2108 3852 2214 3918 28).

720 3939 762 4009 ³)
799 3943 882 3994 De
934 3942 1126 3995 Pisone
1178 3943 1273 3996 illo
1325 3944 1512 4009 ignoto
1560 3941 1652 4009 (cf.
1681 3942 1955 3995 Schwartz
1994 3944 2028 3995 1.
2057 3943 2114 4008 l.)
2167 3941 2454 4010 Kuyperus
2506 3946 2651 3993 recte
2706 3941 2965 3992 iudicavit

505 4030 608 4098 (De
636 4028 878 4083 fontibus
903 4031 1181 4083 Plutarchi
1219 4038 1273 4083 et
1301 4033 1542 4099 Appiani
1579 4033 1633 4084 in
1675 4033 1787 4084 vita
1814 4031 1978 4084 Sullae
2007 4031 2332 4097 enarranda,
2372 4030 2513 4082 Diss.
2551 4029 2780 4083 Utrecht
2807 4028 2965 4096 1882,

505 4136 591 4187 pg.
619 4120 711 4187 55)
738 4121 829 4186 qui
856 4121 1177 4174 vocabulum
1205 4117 1470 4192 ἰστορικός
1497 4123 1554 4173 in
1581 4122 1939 4188 suspicionem
1965 4126 2138 4186 vocat,
2158 4121 2267 4172 sive
2301 4116 2588 4189 ῥητορικός
2605 4119 2701 4182 (ita
2721 4117 2965 4186 Kuyper)

506 4209 615 4261 sive
655 4206 935 4279 τιμητικός
973 4209 1303 4277 (Stephanus
1343 4208 1410 4263 cf.
1451 4210 1576 4263 adn.
1607 4212 1722 4263 crit.
1754 4210 2004 4262 editionis
2043 4208 2275 4275 Sinten.)
2330 4208 2514 4260 mavis
2579 4207 2746 4259 Plane
2786 4222 2966 4273 super·

505 4313 801 4350 vacaneum
854 4307 972 4351 erat
1023 4301 1232 4353 auctori
1284 4300 1505 4353 laudato
1558 4300 1979 4368 appellationem
2028 4295 2190 4368 ,ἀνὴρ
2230 4294 2515 4367 ἱστορικόςι
2566 4296 2796 4361 adicere,
2846 4312 2962 4348 cum

509 4402 662 4438 nemo
716 4388 767 4439 in
819 4387 1043 4441 historia
1095 4390 1260 4441 alium
1314 4390 1630 4456 scriptorem
1669 4389 1882 4441 laudari
1922 4393 2287 4456 exspectaret3
2327 4394 2517 4439 contra
2556 4387 2775 4453 optime,
2815 4387 2859 4437 si
2897 4385 2963 4436 de

506 4492 611 4528 non
653 4476 905 4530 historico
942 4478 1224 4544 agebatur,
1263 4480 1566 4531 accuratius
1605 4478 1928 4530 Plutarchus
1968 4492 2092 4529 eum
2129 4475 2467 4543 designabat.
