3485 5069
1551 389 1904 442 -17—

502 573 585 637 D.
612 572 861 635 Brutus
885 589 1015 633 cos.
1049 570 1127 631 77
1163 589 1338 632 anno
1367 567 1450 631 63
1484 567 1656 632 inter
1687 567 1882 632 vivos
1913 566 2123 632 fuisse
2149 566 2413 632 videtur
2446 566 2624 651 (Sall.
2654 567 2795 633 Cat.
2821 568 2951 655 40).

502 688 574 753 P.
609 686 908 752 Servilius
955 704 1087 748 cos.
1128 684 1229 747 79.

504 807 575 887 Q.
610 803 869 870 Catulus
916 821 1046 864 cos,
1102 801 1203 864 78.

504 920 568 986 C.
604 919 793 984 Curio
844 937 975 981 cos.
1016 917 1117 979 76.

717 1032 942 1097 Habes
1012 1031 1119 1094 hic
1188 1050 1448 1113 quoque
1518 1029 1771 1094 iustum
1836 1029 2130 1095 ordinem
2193 1030 2664 1096 consulatuum
2725 1033 2954 1118 paucis

507 1146 968 1215 tantummodo
1002 1146 1161 1211 10015
1203 1146 1573 1227 turbatum3
1624 1166 1905 1229 quorum
1953 1147 2122 1211 ratio
2157 1150 2384 1211 tamen
2418 1146 2611 1212 facile
2645 1148 2956 1234 explicari

508 1268 743 1352 potest.
813 1264 885 1328 L.
918 1263 1302 1344 Domitium,
1349 1262 1461 1347 qui
1492 1262 1564 1342 Q.
1598 1262 1890 1327 Mucium
1924 1263 2110 1346 sequi
2145 1261 2450 1346 debebat,
2493 1286 2642 1329 cum
2675 1264 2788 1329 Cn.
2824 1265 2954 1329 Do-

507 1382 690 1447 mitio
741 1380 958 1445 Cicero
1010 1378 1377 1444 collocavit.
1449 1378 1612 1443 Post
1642 1377 1726 1443 M.
1762 1378 2052 1443 Drusum
2085 1382 2163 1442 tr.
2199 1378 2284 1463 pl.
2321 1401 2441 1444 suo
2474 1379 2614 1444 loco
2650 1380 2956 1445 consula-

506 1498 687 1563 ribus
720 1496 1042 1560 insertum
1077 1493 1164 1558 ad
1193 1494 1331 1559 vim
1365 1495 1714 1559 sententiae
1740 1493 2281 1579 amplificandam
2315 1495 2516 1560 series
2547 1495 2955 1581 interpositis

506 1612 885 1680 nominibus
946 1609 1306 1693 gentilibus
1362 1610 1733 1694 interrupta
1796 1613 1917 1674 est.
2013 1609 2256 1674 Omnes
2311 1610 2605 1675 familias
2663 1611 2956 1697 exceptis

507 1728 891 1806 CatonibuS,
942 1747 1107 1810 quos
1163 1724 1365 1790 affert
1425 1728 1502 1790 ut
1549 1723 1628 1789 de
1674 1746 1744 1789 re
1801 1724 2066 1810 publica
2114 1725 2280 1790 bene
2336 1726 2606 1791 meritos
2669 1726 2956 1792 fortasse

508 1844 710 1909 etiam
767 1842 1098 1906 Uticensis
1160 1862 1385 1924 causa,
1449 1840 1560 1924 qui
1608 1840 1984 1905 Ciceronem
2040 1841 2378 1905 consulem
2440 1863 2481 1905 a
2543 1843 2626 1905 63
2689 1846 2956 1907 strenue

509 1958 768 2023 adiuvit
815 1957 994 2044 (Sall.
1031 1957 1171 2022 Cat.
1208 1978 1259 2022 c.
1296 1958 1401 2022 52.
1438 1958 1524 2022 53
1570 1978 1684 2042 pro
1719 1957 1885 2021 Mur.
1922 1958 2002 2021 51
2053 1978 2168 2042 pro
2217 1956 2433 2022 Sestio
2473 1959 2572 2022 12.
2611 1957 2735 2044 61),
2786 1958 2958 2023 inter

508 2096 719 2140 annos
779 2076 862 2139 99
922 2077 990 2138 et
1055 2074 1134 2136 73
1206 2072 1627 2138 consulatum
1688 2073 1973 2154 gessisse
2033 2072 2198 2138 fasti
2258 2077 2624 2139 testantur:
2697 2073 2957 2139 Octavii

509 2212 567 2255 a.
605 2192 709 2273 87,
764 2192 866 2272 76,
906 2190 1008 2271 75,
1056 2187 1303 2254 Metelli
1351 2210 1410 2253 a.
1447 2190 1550 2270 98,
1589 2190 1692 2271 80,
1742 2188 1902 2252 Julii
1951 2210 2011 2253 a.
2048 2190 2152 2271 91,
2189 2190 2293 2269 90,
2353 2189 2562 2254 Cassii
2610 2212 2670 2254 a.
2708 2192 2813 2271 96,
2854 2190 2954 2271 73,

507 2305 777 2390 Pompei
808 2327 868 2370 a.
898 2307 1002 2385 89,
1032 2306 1136 2369 88.
1207 2304 1438 2369 Ultimi
1470 2308 1625 2379 treS,
1676 2325 1843 2388 quos
1875 2308 2236 2390 praesentes
2271 2304 2488 2370 Cicero
2523 2305 2834 2391 appellat,
2871 2306 2955 2371 ab

510 2419 657 2485 aliis
705 2420 934 2485 secreti
983 2420 1110 2505 ipsi
1156 2440 1417 2504 quoque
1466 2423 1731 2484 servato
1783 2419 2254 2484 consulatuum
2303 2420 2526 2485 ordine
2575 2420 2953 2486 laudantur.

722 2538 884 2602 Cum
960 2538 1162 2619 igitur
1236 2537 1305 2600 in
1383 2534 1766 2601 ordinandis
1841 2537 2223 2602 nominibus
2299 2537 2673 2603 Ciceronem
2742 2538 2957 2603 fastos

510 2652 888 2719 consulares
936 2651 1248 2717 adhibere
1294 2651 1439 2717 luce
1489 2652 1727 2717 clarius
1771 2653 1860 2717 sit
1906 2674 2184 2737 cumque
2233 2654 2313 2718 iis
2363 2674 2528 2737 (1005
2570 2653 2727 2719 dicit
2764 2677 2958 2740 „prce-

510 2777 667 2835 tores
725 2775 783 2835 et
839 2769 1065 2833 nobiles
1123 2768 1427 2845 iuvenes“‚
1488 2767 1932 2853 praeclariores
1980 2772 2248 2833 tantum
2309 2770 2687 2854 posterioris
2736 2770 2957 2835 aetatis

509 2885 686 2950 viros
717 2884 989 2962 inserat,
1023 2904 1217 2948 nemo
1253 2882 1605 2966 dubitabit,
1642 2884 1803 2967 quin
1853 2887 2068 2948 certo
2104 2884 2437 2949 consilio
2471 2885 2642 2970 ipse
2677 2886 2956 2950 seriem

512 2999 1058 3085 composuerit.
1110 3001 1329 3083 Atque
1364 3020 1771 3083 quamquam
1805 3000 1873 3063 in
1905 3002 2398 3085 „consularizmst
2439 3002 2955 3083 enumeratione,

511 3118 837 3200 quantum
906 3115 1098 3179 nobis
1168 3114 1457 3179 iudicare
1527 3114 1698 3196 licet,
1772 3136 2019 3180 errores
2089 3116 2337 3181 vitavit
2398 3115 2499 3201 (de
2568 3117 2958 3202 praetoribus

510 3230 1006 3313 iunioribusque
1076 3231 1461 3295 testimonia
1530 3229 1792 3316 desunt)
1868 3235 2095 3296 tamen
2166 3232 2367 3296 etiam
2438 3232 2506 3296 in
2576 3232 2699 3314 1115,
2773 3253 2959 3316 aeque

512 3345 874 3411 secundum
922 3345 1136 3409 fastos
1184 3345 1490 3427 recensis,
1548 3344 1752 3411 fides
1811 3348 1878 3410 ei
1935 3346 2396 3430 deneganda
2451 3353 2597 3430 est,
2649 3370 2800 3413 non
2848 3349 2961 3413 ita

512 3460 847 3545 quidem,
909 3464 993 3525 ut
1052 3482 1318 3525 omnes
1388 3460 1594 3526 falso
1659 3461 1960 3527 allatos
2024 3483 2198 3527 esse
2262 3462 2642 3546 dicamuS,
2695 3463 2828 3529 sed
2874 3468 2962 3529 ut

513 3575 599 3641 de
634 3597 786 3641 uno
821 3597 1156 3660 quoque,
1192 3575 1544 3641 adfuerit
1576 3599 1850 3660 necne,
1885 3578 1962 3642 in
1997 3578 2360 3661 ambiguo
2394 3579 2956 3664 relinquamus.

513 3691 885 3756 Ciceronem
934 3692 1109 3756 enim
1156 3691 1333 3777 apud
1381 3692 1723 3757 annalium
1773 3694 2121 3779 scriptores
2168 3695 2441 3760 nomina
2486 3696 2796 3777 1111010111,
2848 3697 2960 3780 (101

510 3805 619 3870 1110
670 3804 772 3870 (110
821 3828 1008 3872 011110
1056 3811 1383 3892 ceperant,
1434 3807 1709 3873 collecta
1756 3809 2071 3895 inspectis
2103 3809 2300 3875 fastis
2335 3810 2745 3876 ordinavisse
2778 3810 2961 3876 haud

512 3924 615 3986 est
660 3921 1019 4006 probabile.

724 4037 997 4103 Accedit
1028 4039 1204 4122 quod
1237 4039 1364 4105 alio
1397 4038 1538 4105 1000
1574 4039 1764 4125 (Phil.
1784 4041 1951 4122 VHI,
1983 4042 2108 4124 15),
2144 4042 2260 4106 ubi
2296 4046 2560 4127 propter
2591 4047 2960 4128 temporum

512 4151 1038 4234 magnitudinem
1064 4175 1197 4218 non
1230 4159 1371 4220 tam
1404 4155 1678 4221 minutis
1716 4158 1915 4221 rebus
1949 4158 2244 4222 animum
2278 4157 2583 4240 intendit,
2621 4158 2732 4223 sed
2769 4180 2803 4223 e
2838 4179 2963 4223 sua

513 4266 618 4332 vel
680 4269 1011 4332 communi
1059 4271 1393 4352 memoria,
1459 4292 1606 4355 quae
1664 4272 1930 4357 profert,
1988 4277 2209 4359 petere
2256 4272 2538 4356 videtur,
2605 4273 2683 4339 de
2732 4273 2960 4339 eodem

513 4403 687 4447 anno
721 4384 929 4449 verba
960 4384 1212 4450 faciens
1245 4408 1605 4472 perpaucos
1645 4387 2108 4454 tantummodo
2140 4389 2317 4454 viros
2349 4389 2560 4454 bonos
2594 4393 2959 4471 enumerat,

513 4499 819 4581 quamvis
868 4500 1154 4565 multum
1202 4502 1342 4567 eius
1390 4502 1671 4587 intersit,
1722 4525 1925 4588 quam
1970 4503 2253 4590 plurima
2300 4504 2623 4570 clarorum
2671 4505 2961 4569 virorum

2858 4629 2888 4681 2
