3485 5069
1545 361 1901 413 -65-

496 543 792 607 bunatus
827 541 986 606 anni
1023 541 1221 625 100.¹)
1283 539 1455 604 Nam
1488 559 1523 604 e
1557 539 1862 605 Cicerone
1898 538 2207 603 iuvenem
2242 559 2395 602 eum
2428 541 2762 602 mortuum
2798 558 2944 603 esse

498 661 773 743 apparet
820 656 925 738 (de
970 656 1088 721 fin.
1123 656 1228 737 III,
1266 655 1401 742 8).2)
1496 653 1683 735 Quod
1744 658 1971 720 autem
2025 652 2181 719 belli
2227 653 2491 718 Marsici
2538 652 2947 738 temporibus

496 773 631 838 iam
685 776 975 858 praetura
1030 770 1417 858 perfunctus
1464 791 1610 836 esse
1656 769 2001 855 videturss),
2050 768 2119 833 id
2165 769 2409 855 optime
2457 768 2842 854 explicatur,
2892 768 2950 832 si

499 909 673 953 anno
714 889 858 970 100,
894 909 1014 952 866
1050 908 1246 969 6666,
1283 890 1708 971 quaesturam,
1746 907 1921 950 anno
1958 886 2063 966 91,
2101 885 2261 951 item
2304 906 2462 967 „suo
2507 887 2749 966 anno“,
2782 905 2947 970 prae-

497 1007 719 1068 turam
765 1002 1262 1068 administravit
1309 1006 1511 1086 atque
1559 1023 1619 1067 a.
1669 1003 1756 1066 90
1802 1001 1949 1065 XLI
1996 1022 2323 1066 annorum
2343 1000 2389 1087 4)
2463 1005 2765 1065 mortuus
2814 1003 2948 1079 est3

500 1119 931 1184 confirmatur
976 1118 1229 1204 impetu
1277 1118 1419 1182 eius
1466 1117 1781 1182 acerrimo
1829 1117 1898 1180 in
1930 1116 2014 1181 M.
2050 1116 2316 1180 Livium
2348 1117 2638 1186 Drusum
2655 1117 2698 1204 5)
2746 1115 2947 1197 16616,

500 1235 631 1319 qui,
682 1235 739 1300 si
785 1257 828 1299 a
872 1239 1148 1320 praetore
1179 1233 1411 1316 fiebat,
1462 1234 1776 1299 maiorem
1812 1232 2283 1298 auctoritatem
2315 1233 2613 1297 habebat
2645 1232 2949 1314 gravius-

500 1370 625 1435 que
673 1350 940 1415 tribuno
988 1349 1350 1435 periculum
1397 1347 1863 1436 intendebat.⁶)

717 1625 752 1692 ¹)
787 1627 870 1677 Ita
921 1626 1124 1677 omissis
1160 1625 1490 1690 argumentis
1536 1625 1703 1677 Klebs
1744 1625 2101 1693 Pauly-Wiss.
2129 1624 2199 1690 II,
2227 1623 2361 1692 266,
2399 1623 2678 1690 Borghesi,
2717 1623 2951 1675 Oeuvres

500 1715 566 1782 V,
592 1715 725 1783 176,
766 1715 1024 1781 Babelon,
1063 1714 1247 1766 Monn.
1275 1713 1505 1780 Republ.
1534 1714 1602 1781 II,
1629 1715 1760 1782 448,
1800 1711 1869 1766 cf.
1898 1714 1940 1780 I,
1978 1714 2097 1766 287.

715 1802 756 1868 2)
796 1820 956 1869 „nam
984 1809 1035 1855 et
1058 1805 1152 1855 avi
1178 1803 1296 1855 cius
1333 1806 1426 1868 (86.
1447 1804 1603 1870 pueri
1627 1802 1841 1855 Luculli
1880 1803 1909 1870 ξ
1936 1804 1990 1866 7)
2028 1803 2287 1854 memoria
2323 1817 2551 1868 moveor,
2578 1829 2649 1838 —-
2673 1817 2777 1854 ‘nec
2813 1802 2953 1853 enim

500 1894 730 1961 iquoras
768 1892 969 1959 quanti
1012 1891 1234 1957 fecerim
1279 1890 1594 1959 Coepz‘onem,
1645 1893 1819 1958 (cuius
1857 1890 2025 1943 filiam
2065 1890 2347 1943 Serviliam
2384 1891 2641 1942 Lucullus
2679 1891 2734 1941 in
2773 1890 2953 1941 matri·

499 1983 736 2033 monium
763 1981 1019 2032 duxerat:
1059 1980 1199 2032 Plut.
1229 1980 1341 2032 Cat.
1371 1982 1497 2032 min.
1520 1981 1603 2032 24.
1627 1980 1709 2033 29.
1774 1980 1901 2032 Luc.
1929 1981 1998 2033 38
2021 1981 2122 2033 Ι)16
2145 1980 2288 2032 Cass.
2318 1979 2555 2031 XXVIII
2579 1978 2682 2045 frg.
2710 1979 2797 2046 96,
2818 1979 2943 2043 3B.)

411 2132 413 2135 ¹
501 2071 614 2137 qui,
653 2077 715 2123 ut
753 2071 942 2137 opinio
979 2085 1099 2122 mea
1137 2070 1265 2135 fert,
1304 2071 1364 2121 in
1394 2070 1758 2136 principibus
1804 2071 1920 2121 iam
1959 2075 2110 2134 esset,
2156 2070 2208 2121 si
2245 2070 2493 2120 vivereffl.

717 2160 758 2224 ³)
810 2160 960 2211 Bello
1009 2159 1241 2210 Marsico
1290 2159 1550 2211 exercitui
1602 2164 1838 2225 praeerat
1886 2159 2143 2225 (Appian.
2183 2159 2224 2223 I,
2262 2159 2349 2224 40,
2387 2158 2486 2223 44;
2539 2156 2653 2210 Liv.
2684 2158 2801 2209 Per.
2833 2157 2951 2224 73),

501 2264 685 2301 omnes
723 2260 919 2316 autem,
958 2263 1090 2313 quos
1117 2248 1398 2314 Appianus
1435 2248 1477 2313 Ι,
1515 2248 1585 2300 40
1623 2247 1785 2300 66668
1812 2246 1991 2314 affert,
2019 2253 2217 2314 praeter
2244 2248 2542 2314 Sulpicium
2578 2248 2820 2314 praetorii
2858 2253 2954 2298 aut

502 2339 811 2390 consulares
850 2343 975 2389 sunt
1013 2335 1099 2402 (cf.
1130 2336 1238 2390 Cic.
1266 2352 1363 2403 pro
1400 2336 1629 2389 Fonteio
1669 2337 1786 2403 43):
1840 2336 1934 2388 Cn.
1973 2336 2258 2404 Pompeius
2303 2352 2407 2388 cos.
2436 2336 2531 2402 89,
2580 2336 2636 2388 C.
2663 2335 2954 2403 Perpenna

500 2428 600 2493 (ita
639 2442 736 2493 pro
775 2427 847 2478 M.
870 2425 1184 2493 Perpenna)
1225 2441 1327 2477 668.
1356 2425 1424 2477 92
1464 2424 1550 2483 (cf.
1578 2425 1750 2492 Pauly
1772 2424 1836 2490 V,
1860 2425 2043 2490 1356),
2083 2424 2138 2476 C.
2161 2424 2396 2491 Marius3
2423 2423 2671 2475 Valerius
2698 2424 2953 2476 Messalla

501 2515 817 2582 ceteroquin
855 2516 1068 2581 ignotus
1097 2521 1177 2566 est
1204 2511 1456 2581 (fortasse
1478 2538 1547 2560 =
1569 2513 1703 2566 Gell.
1732 2512 1852 2579 XV,
1880 2513 1975 2579 14,
2023 2511 2092 2565 cf.
2121 2512 2378 2579 Borghesi
2405 2512 2445 2579 I,
2473 2513 2601 2578 408)
2639 2512 2705 2564 66
2732 2512 2788 2565 Ρ.
2820 2513 2954 2565 Len-

500 2606 615 2657 tulo
652 2605 788 2656 nihil
817 2604 950 2656 certi
977 2611 1190 2656 constat
1216 2603 1456 2671 (Marcks
1481 2605 1515 2655 l.
1539 2604 1571 2655 l.
1595 2604 1681 2669 47,
1708 2604 1768 2669 1,
1807 2602 2035 2655 Miinzer
2069 2602 2425 2669 Pauly-Wiss.
2454 2601 2547 2669 IV,
2575 2603 2714 2661 1375
2739 2601 2802 2654 N.
2826 2601 2953 2667 203)

502 2694 562 2746 Τ.
590 2692 784 2746 Didius
811 2710 914 2745 cos.
937 2693 1032 2759 98,
1070 2692 1308 2745 Licinius
1336 2692 1558 2744 Crassus
1585 2708 1689 2744 cos.
1713 2693 1780 2745 97
1820 2693 1941 2758 (pro
1966 2691 2194 2743 Fonteio
2221 2691 2339 2758 43),
2369 2690 2519 2742 86116
2546 2706 2648 2742 668.
2677 2691 2773 2758 88,
2810 2692 2954 2743 Mar-

501 2783 686 2849 661168,
726 2783 875 2834 cuius
923 2783 1267 2847 magistratus
1313 2782 1650 2849 ignorantur,
1697 2781 1904 2847 legatus
1952 2796 1998 2832 a.
2040 2780 2142 2832 102
2183 2780 2345 2845 (Plut.
2386 2780 2523 2831 Mar.
2564 2796 2606 2831 6.
2647 2779 2765 2831 ΧΧ.
2806 2779 2953 2847 XXI,

503 2872 689 2925 Front.
710 2871 782 2937 II,
801 2872 851 2936 4,
873 2872 932 2936 6,
957 2870 1313 2937 Pauly-Wiss.
1333 2871 1428 2937 III,
1456 2870 1637 2937 2760),
1667 2869 1778 2921 Ser.
1810 2869 2077 2935 Sulpicius
2105 2868 2279 2921 Galba
2305 2885 2409 2921 668.
2438 2884 2484 2920 a.
2508 2868 2611 2921 108
2634 2869 2793 2934 (App.
2823 2868 2865 2935 Ι,
2885 2869 2953 2921 47

501 2961 614 3013 Liv.
643 2976 754 3028 per.
783 2960 1020 3025 72-74,
1059 2959 1208 3011 Oros
1241 2959 1303 3027 V,
1337 2960 1422 3026 18,
1451 2960 1557 3024 25).
1618 2959 1771 3012 Unus
1813 2959 2097 3025 Sulpicius»,
2138 2966 2321 3011 orator
2359 2957 2755 3024 celeberrimuS,
2796 2964 2954 3009 natus

503 3065 549 3101 a.
575 3049 676 3101 124
714 3048 887 3114 (Brut.
915 3048 1020 3101 304
1049 3049 1324 3114 „legatus“
1353 3047 1548 3114 dictus)
1577 3046 1816 3100 nondum
1843 3055 2081 3114 praetura
2107 3047 2327 3100 functus
2356 3054 2487 3099 erat.
2548 3045 2801 3098 Metellus
2827 3045 2954 3097 Pius

504 3140 646 3190 enim
665 3144 818 3204 praet.
836 3137 906 3190 89
928 3152 1072 3189 anno
1093 3137 1437 3202 subsequenti
1462 3135 1675 3189 demum
1699 3138 1984 3203 imperium
2006 3137 2240 3189 obtinuit
2261 3135 2639 3203 (Pauly-Wiss.
2658 3133 2753 3201 III,
2776 3132 2952 3199 1221).

715 3224 759 3293 4)
798 3226 1026 3277 Etiamsi
1064 3241 1207 3278 anno
1258 3226 1360 3278 100
1406 3241 1520 3278 suo
1566 3242 1740 3279 anno
1790 3234 2064 3294 quaestura
2101 3224 2319 3277 functus
2359 3231 2456 3291 est,
2502 3240 2549 3276 a.
2584 3223 2653 3277 52
2691 3227 2773 3288 (eo
2812 3237 2955 3274 anno

505 3316 690 3368 Cicero
727 3314 925 3367 librum
962 3314 1028 3366 de
1068 3312 1265 3366 finibus
1304 3314 1634 3380 disputatum
1674 3330 1788 3366 esse
1826 3312 2009 3380 fingit)
2048 3329 2157 3366 non
2198 3315 2370 3365 solum
2398 3314 2453 3363 in
2480 3311 2833 3380 principibuS,
2860 3310 2955 3362 sed

504 3406 561 3456 in
611 3402 768 3455 valde
821 3404 1040 3455 senibus
1091 3402 1298 3455 fuisset.
1384 3403 1499 3467 Quo
1538 3405 1706 3469 magis
1761 3403 1834 3469 id,
1881 3402 2024 3469 quod
2077 3403 2263 3455 Cicero
2316 3403 2445 3468 vult,
2496 3417 2616 3454 eum
2665 3398 2955 3453 admodum

504 3494 751 3545 iuvenem
788 3500 1058 3545 mortuum
1098 3508 1230 3559 esse,
1268 3489 1692 3545 commendatur.

719 3580 762 3646 ⁵)
801 3578 870 3632 cf.
900 3581 1006 3633 Cic.
1035 3580 1101 3633 de
1139 3580 1295 3633 domo
1335 3580 1457 3647 120,
1495 3580 1644 3632 Brut.
1675 3579 1810 3647 223,
1849 3579 1995 3632 Flor.
2025 3579 2095 3646 II,
2121 3582 2172 3647 5,
2191 3581 2251 3647 4,
2292 3579 2428 3631 Ρ116.
2456 3578 2581 3631 Nat.
2603 3578 2672 3630 H.
2700 3578 2956 3646 XXVIII,

505 3670 634 3737 148,
674 3670 928 3736 XXXIII,
968 3669 1066 3737 20,
1104 3670 1208 3722 Ι)16
1249 3670 1396 3722 Cass,
1424 3669 1677 3736 XXVIII,
1718 3668 1821 3736 frg.
1849 3670 1935 3736 96,
1973 3669 2087 3722 3B.
2138 3675 2279 3721 auct.
2307 3669 2374 3720 de
2413 3668 2510 3721 vir.
2539 3669 2614 3720 ill.
2655 3669 2741 3735 66,
2778 3669 2955 3736 8,13;

506 3760 716 3826 Ampel.
757 3759 843 3826 26,
870 3760 918 3810 4.

718 3846 760 3914 ⁸)
799 3850 996 3900 Ascon.
1019 3849 1074 3900 in
1103 3848 1286 3901 Scaur.
1311 3864 1394 3914 pg.
1418 3848 1486 3900 19
1508 3846 1599 3898 K.:
1627 3846 1729 3915 „Q
1754 3846 2023 3899 Servilius
2054 3844 2235 3912 Caepio
2261 3845 2534 3898 Scaurum
2560 3846 2626 3898 ob
2655 3846 2958 3914 leyatiouz's

502 3937 770 3989 Asiaticae
807 3937 1078 3989 iuvidiam
1117 3937 1382 3989 adversus
1419 3937 1562 4005 16968
1588 3937 1964 4004 pecuniarum
2011 3942 2302 4001 captarum
2349 3950 2501 3987 reum
2537 3934 2670 4000 fecit
2708 3941 2958 4001 repetun-

506 4024 707 4077 darum
769 4025 897 4093 1696,
959 4041 1123 4092 quam
1185 4026 1313 4078 tulit
1373 4026 1436 4078 P.
1476 4024 1744 4078 Servilius
1784 4024 2040 4077 Glaucia.
2130 4022 2380 4092 [eandem
2436 4039 2654 4077 causam
2707 4031 2957 4090 spectant

506 4113 612 4165 Cic.
650 4114 706 4165 in
746 4113 929 4166 Scaur.
970 4113 1029 4180 2,
1078 4114 1282 4167 Charis.
1310 4130 1396 4182 pg.
1426 4115 1548 4182 147,
1575 4115 1658 4167 10.
1688 4113 1755 4167 12
1796 4113 1933 4165 Keil.
1987 4143 2057 4151 —-
2114 4114 2233 4167 Val.
2259 4113 2405 4165 MaX.
2435 4113 2530 4180 III,
2557 4115 2609 4179 7,
2634 4114 2667 4166 8
2704 4119 2958 4180 repetun-

504 4201 696 4254 darum
746 4217 961 4253 causam
1014 4218 1133 4255 cum
1181 4203 1312 4255 Vari
1363 4205 1706 4255 accusatione
1761 4202 1949 4270 (chbs
1997 4202 2436 4269 Pauly-Wiss.1,
2473 4203 2601 4263 586)
2653 4200 2956 4269 confundit,

503 4290 732 4343 fortasse
787 4307 847 4343 66
905 4292 1185 4357 66666168,
1241 4291 1385 4359 quod
1441 4290 1587 4359 apud
1625 4298 1920 4358 auctorem,
1977 4307 2136 4358 quem
2193 4291 2537 4358 sequebatur,
2594 4292 2739 4343 intra
2795 4291 2956 4343 breve

504 4381 737 4447 spatium
775 4387 885 4432 tres
912 4380 1100 4433 Scauri
1138 4396 1326 4433 causas
1363 4381 1657 4448 (Caepionis
1695 4381 1812 4446 lege
1853 4379 2094 4447 Servilia,
2134 4380 2283 4447 Vari,
2322 4380 2592 4447 Caepionis
2620 4381 2736 4445 lege
2764 4378 2956 4444 Varia)

504 4469 736 4535 invenit3
785 4469 877 4535 qui
915 4476 1102 4521 auctor
1140 4475 1283 4521 certe
1336 4485 1444 4522 non
1472 4469 1659 4521 Cicero
1711 4470 1768 4520 in
1809 4468 2107 4520 Scauriana
2156 4467 2302 4536 fuit]
2354 4468 2605 4522 Scaurus
2645 4474 2805 4521 tauta
2842 4469 2958 4534 fuit

2780 4576 2815 4628 5
