3485 5069
1560 332 1915 386 —71-

515 507 594 574 de
672 508 996 574 similibus
1087 508 1436 594 peculatus
1527 508 2010 592 quaestionibus
2089 512 2495 594 compertum
2571 509 2961 574 habeamus

514 624 609 689 De
656 624 967 710 Pompei
1017 646 1224 689 causa
1270 622 1447 710 apud
1492 623 1864 689 Antistium
1910 626 2258 709 praetorem
2306 626 2461 689 acta
2512 598 2707 709 (Plut.
2736 625 2961 711 Pomp.

511 741 574 822 4,
602 740 706 822 III,
734 762 836 825 pg.
870 742 1015 821 191,
1048 741 1148 827 12)
1183 742 1783 804 commemorantur
1812 736 2175 824 προαγῶνες,
2205 738 2553 824 κατήγορος
2577 739 2701 825 (pg.
2736 742 2961 829 191,9)

511 856 799 922 δικασταί
830 857 1000 940 (191,
1033 858 1166 942 18),
1209 855 1326 921 sed
1371 858 1596 920 utrum
1629 855 1908 939 quaestio
1943 853 2469 920 extraordinaria
2502 854 2705 921 fuerit
2735 877 2962 940 necne,

512 972 863 1036 nescimus.
959 971 1404 1051 Quaestionem
1465 971 1815 1056 peculatus
1874 971 1946 1035 in
1991 970 2063 1036 L.
2099 970 2546 1057 Scipionem
2596 992 2745 1036 cum
2791 971 2963 1037 falso

513 1109 555 1153 a
585 1086 850 1152 Valerio
898 1088 1173 1153 Antiate
1220 1086 1668 1153 introductam
1715 1108 1861 1152 esse
1903 1087 2077 1152 inter
2121 1086 2300 1152 viros
2350 1085 2578 1153 doctos
2622 1090 2883 1153 constet
2899 1089 2961 1174 ¹),

513 1204 797 1289 suspicio
847 1204 1084 1285 oritur,
1145 1225 1293 1268 eam
1342 1202 1429 1268 ad
1476 1203 1758 1268 alicuius
1816 1224 2036 1268 causae
2083 1202 2459 1289 exemplum
2507 1204 2739 1268 fictam
2796 1225 2959 1274 esse.

513 1319 802 1399 Quaestio
859 1318 975 1383 illa
1038 1318 1565 1385 extraordinaria
1619 1340 1661 1383 a
1707 1318 1987 1384 Petilliis
2057 1322 2328 1401 rogatur
2393 1318 2557 1405 (Liv.
2605 1319 2961 1401 XXXVIII,

513 1436 617 1517 54,
668 1435 794 1519 55),
844 1435 913 1499 in
961 1433 1331 1500 custodiam
1366 1433 1579 1520 Scipio
1615 1432 1878 1499 ducitur
1924 1433 2331 1518 (Mommsen,
2367 1435 2555 1499 Rom.
2592 1435 2851 1500 Forsch.
2884 1435 2962 1517 II,

510 1551 642 1615 472
668 1551 809 1637 sq.),
861 1549 976 1616 sed
1037 1549 1484 1615 intercedente
1533 1550 1629 1615 Ti.
1666 1549 2051 1635 Sempronio
2101 1549 2435 1632 Gracch0,‚
2484 1550 2587 1614 cui
2643 1551 2965 1616 resistunt

512 1667 709 1731 ceteri
756 1667 1024 1749 tribuni,
1074 1666 1394 1731 liberatur
1442 1665 1502 1752 (l.
1536 1665 1578 1730 1.
1614 1687 1717 1751 pg.
1752 1667 1904 1747 474,
1936 1666 2015 1753 1).
2089 1665 2248 1744 Quae
2282 1665 2507 1730 omnia
2539 1666 2608 1730 in
2641 1665 2963 1752 Caepionis

512 1804 785 1847 causam
800 1780 1152 1868 quadrant,
1177 1782 1234 1847 si
1249 1781 1657 1846 Mommseno
1679 1781 1973 1867 (l.l.446)
2011 1780 2334 1863 concediS,
2371 1781 2738 1867 complures
2765 1780 2965 1846 simul

512 1897 807 1963 eiusdem
833 1897 1054 1963 delicti
1087 1919 1397 1963 accusare
1431 1896 1770 1983 licuisse.2)
1842 1895 2028 1976 Quod
2073 1900 2300 1961 autem
2333 1900 2488 1982 post
2519 1895 2963 1961 Gracchorum

511 2017 781 2079 aetatem
860 2012 1172 2078 abductio
1241 2013 1310 2077 in
1381 2034 1707 2077 carcerem
1783 2033 1929 2077 raro
1999 2013 2340 2078 invenitur
2372 2012 2439 2099 ³),
2509 2013 2579 2076 in
2649 2012 2962 2098 quaestio-

511 2129 708 2194 nibus
757 2128 1294 2194 extraordinariis
1342 2127 1552 2193 multo
1602 2128 1897 2193 severius
1947 2149 2147 2213 quam
2190 2129 2260 2193 in
2307 2127 2653 2193 ordinariis
2701 2127 2771 2191 in
2816 2148 2963 2192 reos

511 2243 954 2310 animadverti
1000 2243 1260 2309 solebat
1309 2242 1699 2329 (Strafrecht
1751 2245 1874 2309 197
1901 2266 2021 2329 sq.,
2072 2245 2222 2326 201,
2272 2245 2445 2331 942).

723 2361 1033 2426 Fortasse
1057 2358 1239 2424 haud
1271 2362 1518 2424 temere
1542 2358 2107 2424 Camillicausam
2140 2358 2226 2424 ad
2258 2359 2583 2424 auxilium
2614 2357 2965 2423 ferendum

510 2498 848 2543 vocamuS.
943 2476 1151 2557 Quem
1210 2474 1559 2562 peculatus
1629 2479 2021 2542 accusatum
2083 2497 2229 2542 esse
2289 2478 2549 2541 veteres
2620 2473 2964 2540 annalium

511 2594 858 2679 scriptores
908 2592 1393 2680 contendunt.4)
1463 2592 1560 2657 De
1609 2592 1891 2657 actionis
1938 2591 2153 2657 forma
2185 2592 2581 2674 ambigitur:
2631 2591 2966 2676 antiquior

510 2709 823 2791 narratio,
851 2707 1216 2774 secundum
1240 2729 1442 2794 quam
1468 2707 1783 2773 Camillus
1809 2711 2073 2794 propter
2094 2707 2269 2774 fores
2296 2710 2539 2772 aeratas
2565 2729 2607 2772 a
2636 2709 2963 2792 quaestore

512 2825 792 2891 Carvilio
862 2846 1014 2889 reus
1084 2824 1306 2889 factus
1378 2826 1501 2907 est,
1567 2823 1639 2888 L.
1700 2824 1926 2888 Pisoni
1987 2824 2305 2889 tribuitur
2334 2823 2411 2909 5),
2483 2822 2784 2904 alteram,
2859 2843 2962 2886 se-

511 2939 799 3006 cundum
861 2961 1061 3023 quam
1122 2938 1470 3025 peculatus
1531 2961 1574 3004 a
1619 2939 1692 3005 L.
1732 2938 2056 3025 Appuleio
2103 2939 2253 3004 trib.
2297 2938 2381 3025 pl.
2434 2940 2791 3003 accusatus
2839 2940 2961 3021 est,

509 3056 773 3120 Valerio
834 3056 1096 3120 Antiati
1155 3053 1571 3142 vindicantss)
1678 3053 1961 3120 Multam
2010 3055 2070 3119 ei
2116 3055 2490 3137 inrogatam
2540 3074 2685 3119 esse
2734 3072 2963 3117 omnes

728 3304 764 3369 ¹)
803 3302 871 3355 cf.
894 3304 1205 3368 Mommsen,
1233 3303 1382 3354 Rom.
1407 3302 1624 3354 Forsch.
1647 3303 1717 3370 ΙΙ,
1739 3304 1862 3371 454,
1887 3303 2006 3355 adn.
2032 3303 2131 3371 82,
2160 3303 2494 3355 Staatsrecht
2514 3300 2609 3370 11⁸,
2629 3303 2764 3371 3223
2793 3298 2964 3353 Straf-

509 3395 663 3447 recht
702 3394 821 3459 172,
850 3394 911 3460 1,
952 3394 1073 3459 769,
1100 3392 1160 3459 2,
1199 3392 1426 3444 Miinzer
1462 3392 1814 3460 Pauly-Wiss
1844 3392 1936 3459 IV,
1963 3392 2117 3446 1482.

727 3483 767 3549 ²)
804 3483 866 3534 In
906 3483 1168 3548 Caepionis
1220 3480 1413 3534 iudicio
1465 3482 1566 3533 hoc
1603 3488 1875 3533 testantur
1921 3481 2023 3534 Dio
2060 3483 2233 3535 Cass:
2273 3483 2490 3550 συχνοί,
2543 3480 2717 3534 Oros:
2770 3495 2964 3546 magna

509 3571 762 3638 quaestio;
800 3571 972 3636 ipsum
1012 3569 1369 3636 proverbium,
1408 3569 1547 3635 quod
1574 3570 1628 3620 in
1654 3570 1962 3621 universum
1993 3570 2322 3635 loquebatur.
2391 3570 2471 3623 De
2499 3570 2743 3637 Scipione
2770 3569 2961 3621 Antias

509 3660 651 3712 idem
689 3660 854 3711 habet
893 3657 960 3710 cf.
990 3659 1303 3725 Mommsen,
1340 3658 1489 3710 Rom.
1519 3657 1738 3710 Forsch.
1775 3658 1845 3722 II,
1884 3659 2004 3712 471.
2046 3659 2169 3711 adn.
2205 3659 2319 3713 107.

725 3747 766 3815 ⁸)
805 3749 1119 3813 Mommsen,
1159 3745 1478 3813 Strafrecht,
1519 3765 1600 3814 pg.
1644 3749 1730 3815 70,
1768 3748 1891 3815 326,
1931 3748 2065 3816 961,
2108 3747 2443 3800 Staatsrecht
2481 3749 2545 3813 1³,
2584 3748 2881 3813 153—155,
2910 3747 2959 3799 2.

724 3838 767 3903 ⁴)
804 3837 1146 3890 Removenda
1174 3843 1254 3887 est
1281 3837 1566 3903 accusatiO,
1593 3853 1712 3903 quae
1740 3845 1965 3904 propter
2003 3829 2333 3902 triumphum
2356 3838 2503 3902 equis
2542 3836 2677 3888 albis
2713 3836 2960 3888 habitum

508 3927 757 3979 instituta
783 3941 895 3978 esse
924 3924 1273 3977 credebatur:
1301 3923 1454 3976 Diod.
1478 3924 1623 3991 XIV,
1645 3926 1746 3979 117
1762 3942 1775 3991 ,
1802 3924 1903 3976 Dio
1926 3924 2069 3976 Cass.
2090 3924 2177 3989 52,
2201 3924 2293 3991 133
2328 3932 2469 3976 auct.
2492 3924 2559 3975 de
2586 3924 2679 3975 vir.
2702 3925 2777 3977 ill.
2799 3924 2959 3992 23,4;

508 4012 839 4082 Hirschfeld,
877 4011 1203 4066 Festschrift
1240 4011 1332 4065 fiir
1369 4013 1740 4080 Friedlander,
1781 4029 1865 4079 pg.
1898 4012 2017 4080 129,
2047 4013 2165 4065 130.

724 4103 766 4170 ⁵)
805 4102 873 4155 cf.
902 4103 1036 4154 Plin.
1064 4101 1130 4153 N.
1152 4102 1218 4153 H.
1242 4101 1491 4169 XXXIV,
1510 4103 1670 4169 3‚13;
1699 4102 1809 4155 Cic.
1832 4102 1898 4153 de
1921 4100 2057 4154 dom.
2080 4102 2175 4169 86,
2203 4099 2517 4153 Hirschfeld
2547 4103 2580 4153 l.
2601 4103 2634 4153 l.
2658 4118 2741 4168 pg.
2761 4101 2861 4154 131
2880 4117 2954 4166 sq.

723 4191 761 4257 ⁶)
798 4189 1109 4243 Hirschfeld
1150 4193 1182 4243 l.
1212 4194 1244 4243 l.
1276 4207 1360 4258 pg.
1390 4192 1518 4260 134,
1571 4190 1638 4244 cf.
1668 4192 1981 4258 Mommsen,
2036 4189 2342 4243 Strafrecht
2380 4191 2572 4257 769,1,
2624 4190 2958 4243 testimoniaz

507 4283 620 4335 Liv.
645 4282 708 4348 V,
746 4282 833 4347 32,
859 4283 892 4334 8
933 4281 985 4350 [e
1024 4297 1127 4346 quo
1166 4280 1312 4333 Oros.
1340 4281 1410 4348 II,
1439 4281 1535 4349 19,
1575 4281 1717 4332 Flor.
1747 4282 1789 4348 Ι,
1817 4282 1914 4350 22,
1966 4281 2190 4347 Eutrop.
2219 4281 2260 4346 Ι,
2288 4281 2382 4348 20,
2421 4280 2537 4331 Val.
2567 4280 2709 4332 Max.
2734 4279 2797 4345 V,
2824 4280 2876 4345 3,
2902 4278 2957 4347 2]

508 4378 647 4423 auct.
675 4371 741 4423 de
781 4372 878 4423 vir.
905 4371 978 4422 ill.
1009 4371 1094 4438 23,
1120 4373 1184 4438 4,
1223 4370 1362 4421 Plut.
1393 4371 1535 4423 Cam.
1566 4372 1663 4439 12,
1702 4370 1849 4424 Serv.
1881 4373 2013 4423 Aen.
2043 4371 2135 4437 VI,
2174 4371 2296 4436 826,
2341 4371 2531 4423 amisso
2570 4370 2778 4422 nomine
2818 4367 2956 4419 Plut.

507 4459 574 4511 de
613 4458 723 4512 fort
762 4460 911 4512 Rom.
947 4459 1032 4527 12,
1072 4459 1287 4528 Dionys
1317 4459 1466 4527 XIII,
1491 4462 1524 4513 4
1563 4460 1693 4512 Suid
1720 4477 1758 4513 s.
1793 4458 2029 4530 Φούριος
2073 4461 2174 4512 Dio
2198 4461 2338 4513 Cass.
2369 4459 2459 4526 VI,
2488 4457 2592 4525 frg.
2620 4458 2759 4525 24,4
2795 4457 2957 4508 Boiss.
