3485 5069
1550 348 1906 401 „22-

500 530 645 591 erat
678 525 778 611 (cf.
807 528 959 611 post
990 522 1122 589 red.
1151 522 1238 589 ad
1272 547 1409 590 sen.
1439 526 1544 590 25.
1574 525 1657 589 37
1694 525 1870 605 Quir.
1908 529 1967 590 6.
1997 528 2057 591 9.
2098 529 2174 590 11
2214 525 2292 591 de
2328 526 2520 593 domo
2556 527 2682 614 87).
2742 528 2955 608 Quam

499 641 1059 727 comparationem
1119 640 1245 725 ipsi
1306 640 1689 720 adversarii,
1754 641 1868 725 qui
1929 642 2133 707 etiam
2180 641 2415 724 Reguli
2472 642 2847 729 exemplum
2896 645 2957 709 ei

499 761 656 822 ante
718 755 943 822 oculos
989 756 1350 842 ponebant,
1402 758 1536 842 (pro
1586 755 1803 821 Sestio
1856 758 2004 843 127)
2069 757 2457 843 arripientes
2519 762 2750 825 contra
2803 780 2956 825 eum

498 876 752 938 vertere
779 873 1215 953 conabantur,
1250 871 1428 956 quod
1451 871 1742 957 pericula
1766 872 2024 937 minora
2049 893 2250 956 quam
2277 894 2357 937 ea
2382 874 2624 957 quibus
2649 874 2955 940 Metellus

499 989 828 1071 cessisset,
865 987 1074 1053 multo
1109 988 1358 1053 minore
1400 987 1724 1069 dignitate
1758 988 2065 1053 vitasset.
2139 988 2549 1074 Quapropter
2582 990 2755 1055 sicut
2788 990 2955 1056 alias

499 1104 577 1170 de
639 1106 798 1170 anni
862 1106 945 1169 58
1008 1104 1215 1187 gestis
1278 1104 1772 1169 criminationes
1834 1125 2132 1190 purgare,
2205 1105 2304 1170 ita
2366 1106 2571 1170 etiam
2632 1105 2809 1189 quod
2871 1105 2957 1172 ad

495 1220 835 1287 Metellum
884 1220 1149 1300 attinet,
1209 1218 1660 1284 defensionem
1709 1220 1955 1285 habere
2004 1220 2276 1302 cogitur,
2327 1220 2503 1304 quod
2551 1242 2585 1285 e
2634 1220 2675 1308 ξ
2723 1224 2809 1286 36
2858 1243 2952 1306 sq.

497 1339 791 1423 apparet.
865 1336 1036 1416 Quia
1082 1339 1311 1401 autem
1359 1336 1427 1400 in
1475 1336 1556 1401 iis
1602 1336 1949 1421 praecipue,
2000 1357 2147 1419 quae
2197 1337 2758 1422 comparationem
2807 1358 2955 1423 pro—

496 1456 924 1535 vocaverant,
974 1451 1335 1516 infirmiore
1384 1473 1586 1536 quam
1634 1451 1974 1516 Metellum
2024 1452 2245 1516 animo
2295 1473 2439 1517 sese
2471 1452 2681 1517 fuisse
2716 1474 2955 1535 negare

496 1589 630 1633 non
677 1571 959 1654 poterat,
1009 1568 1372 1653 praesertim
1423 1589 1571 1631 011111
1606 1571 1674 1633 et
1703 1571 1969 1653 propter
2000 1567 2245 1632 Metelli
2277 1567 2554 1653 Nepotis
2590 1569 2955 1634 amicitiam

498 1688 566 1749 et
635 1682 811 1768 quod
880 1681 1309 1747 detrectando
1373 1682 1636 1747 Metello
1701 1704 1772 1748 se
1833 1683 2050 1768 ipsum
2113 1704 2262 1747 011111
2323 1682 2434 1748 1110
2499 1687 2955 1769 comparatum

497 1799 884 1865 deteriorem
918 1797 1534 1880 demonstravisset,
1582 1797 1832 1862 Metelli
1865 1796 2258 1880 dignitatem
2298 1799 2953 1881 magnanimitatem-

498 1936 624 1999 que
672 1914 974 1979 artificiis
1023 1914 1327 1979 oratoriis
1366 1914 1660 1978 minuere
1694 1934 1830 1978 non
1861 1913 2105 1995 liceret,
2156 1912 2688 1979 adversariorum
2721 1935 2954 2000 oppro-

495 2031 658 2111 bria,
710 2029 903 2114 quasi
950 2029 1202 2114 probet,
1252 2029 1392 2114 ipse
1440 2030 1851 2114 exsequitur:
1912 2051 2026 2112 „re
2066 2052 2254 2095 vera
2285 2030 2654 2113 ignaviae,
2702 2051 2953 2114 neque

496 2149 586 2211 ut
644 2144 1019 2227 Metello,
1085 2144 1216 2210 cui
1276 2144 1603 2210 inimici
1664 2144 1929 2210 multo
1990 2145 2367 2211 fortiores
2430 2146 2951 2223 obstiterunt,

494 2262 774 2326 honori
835 2261 1241 2326 discessus
1303 2261 1490 2325 mihi
1551 2259 2028 2326 tribuendus
2092 2265 2335 2344 esset,
2400 2262 2558 2327 nisi
2621 2283 2951 2326 excusa-

496 2378 792 2442 tionem
838 2377 1238 2459 haberem,
1288 2381 1472 2460 ,quod
1518 2401 1610 2444 me
1652 2380 1761 2444 illa
1792 2382 2133 2444 moverunt‘
2187 2375 2248 2463 (ξ
2298 2379 2408 2443 39:
2457 2378 2953 2443 triumvirorum

496 2493 882 2583 inimicitiae)
932 2515 1099 2580 quae
1145 2492 1547 2560 Metellum
1593 2514 1748 2559 non
1795 2497 2353 2560 vexaverunt.“
2413 2533 2486 2541 -
2543 2493 2706 2558 Cum
2754 2492 2954 2576 igitur

493 2610 562 2674 in
608 2610 958 2676 tractando
1001 2609 1265 2675 Metello
1314 2610 1571 2675 nullum
1618 2610 1833 2676 lateat
1880 2610 2225 2675 consilium
2261 2610 2607 2693 Ciceronis,
2657 2631 2785 2694 quo
2834 2608 2950 2673 ad-

496 2725 734 2791 ductus
783 2726 1138 2791 veritatem
1185 2725 1430 2809 laedat,
1483 2725 1639 2811 quid
1688 2725 1768 2790 de
1816 2747 1892 2791 eo
1940 2726 2065 2791 hoc
2111 2726 2253 2791 loco
2298 2725 2709 2807 iudicaverit,
2759 2726 2952 2790 nobis

493 2840 855 2906 tenendum
889 2845 1011 2906 est.
1091 2844 1311 2926 Atque
1344 2863 1498 2906 eum
1531 2862 1662 2906 non
1693 2845 1772 2906 ut
1805 2841 1954 2906 aliis
1987 2840 2387 2926 quibusdam
2419 2841 2580 2907 locis
2614 2840 2786 2927 (post
2816 2840 2948 2905 red.

493 2955 579 3022 ad
612 2979 749 3022 sen.
777 2959 890 3041 253
938 2956 1025 3022 ad
1071 2957 1247 3037 Quir.
1287 2960 1394 3040 113
1439 2956 1518 3022 de
1565 2955 1758 3023 domo
1804 2959 1913 3039 873
1952 2957 2023 3021 in
2055 2957 2186 3022 Pis.
2214 2958 2326 3039 203
2360 2956 2447 3022 ad
2477 2957 2636 3022 fam.
2666 2957 2711 3039 Ι,
2748 2959 2808 3038 9,
2848 2956 2950 3042 16)

493 3074 875 3139 sanctitatis
906 3074 1434 3157 innocentiaeque
1469 3072 1814 3158 splendore
1848 3077 2147 3155 exornat,
2184 3072 2300 3138 sed
2325 3093 2734 3157 quamquam
2765 3071 2950 3137 facta

491 3190 634 3255 eius
681 3191 750 3255 in
799 3190 1186 3255 universum
1232 3189 1490 3274 probat,
1540 3189 1680 3253 iure
1729 3211 1772 3253 a
1817 3188 1999 3254 nullo
2035 3211 2186 3254 eum
2226 3188 2573 3254 defensum
2606 3210 2752 3253 esse
2792 3208 2947 3251 con-

490 3304 730 3371 tendit:
783 3308 907 3392 „ad
950 3326 1131 3371 suam
1177 3310 1338 3371 enim
1385 3307 1701 3386 quandam
1749 3309 1947 3389 mayis
1996 3306 2092 3371 ille
2129 3306 2403 3390 ylorz'am
2449 3326 2636 3386 quam
2683 3307 2767 3369 ad
2797 3326 2950 3385 per-

487 3426 765 3504 spicua-m
823 3423 1084 3487 salutem
1143 3425 1234 3486 rei
1280 3421 1546 3502 publicae
1607 3428 1815 3497 (eam)
1884 3420 1994 3506 (sc.
2043 3421 2340 3508 causam)
2400 3426 2767 3503 sunzpserat,
2814 3440 2952 3483 cum

488 3558 651 3602 unus
675 3541 739 3602 in
768 3538 953 3620 leyem
971 3559 1093 3619 per
1126 3540 1247 3601 vim
1274 3537 1471 3602 latam
1497 3540 1711 3602 iurare
1735 3537 2079 3602 noluerat.“
2111 3536 2153 3623 1)
2203 3534 2323 3601 Illa
2354 3558 2510 3601 vero
2547 3534 2946 3615 constantia,

489 3673 623 3736 qua
691 3651 957 3716 laudem
1030 3655 1428 3716 consecutus
1499 3655 1603 3716 est
1664 3650 1768 3735 (cf.
1807 3651 1918 3715 37:
1976 3656 2213 3733 patric&
2272 3656 2532 3717 caritate
2591 3653 2951 3716 constantim

476 3769 750 3853 qlorz'am
787 3770 1208 3851 commutavit)
1244 3787 1377 3831 non
1418 3766 1633 3831 solum
1681 3766 1897 3852 ipsam
1944 3766 2105 3831 iuris
2152 3765 2415 3831 iurandi
2462 3766 2951 3831 recusationem

486 3885 765 3968 spectat,
801 3886 879 3948 ut
911 3886 980 3947 et
1010 3903 1145 3947 vox
1185 3881 1671 3964 „constantia“,
1717 3903 1833 3967 pro
1868 3903 2002 3966 qua
2033 3882 2255 3968 potius
2296 3882 2552 3965 „legum
2586 3882 2949 3946 observan-

485 3998 688 4063 tiam“
730 4001 1169 4084 exspectareS,
1206 4001 1275 4063 et
1307 3997 1635 4062 Ciceronis
1667 3998 2071 4084 vituperatio
2107 4001 2175 4062 et
2205 3999 2412 4064 verba
2444 3997 2484 4084 ξ
2522 4000 2668 4078 101,
2724 4018 2949 4078 „quam

700 4212 738 4277 ¹)
775 4212 844 4266 37
885 4210 1262 4265 Conferendus
1303 4213 1448 4264 locus
1488 4213 1517 4280 g
1555 4213 1624 4264 38
1655 4254 1663 4264 .
1697 4253 1706 4263 .
1738 4254 1749 4263 .
1779 4227 1898 4263 non
1950 4226 2098 4262 unm·
2150 4216 2364 4275 auctor,
2411 4210 2510 4263 sed
2549 4209 2666 4261 dux
2704 4210 2948 4261 omnium

484 4302 787 4354 voluntatis
815 4344 824 4353 .
857 4343 867 4354 .
899 4343 909 4353 .
940 4343 950 4353 .
980 4316 1099 4354 non
1138 4301 1297 4354 modo
1343 4301 1421 4353 ad
1467 4302 1808 4369 sinyularem
1860 4316 2029 4352 meam
2065 4300 2317 4368 yloriam,
2368 4299 2468 4352 sed
2505 4299 2580 4351 ad
2620 4313 2949 4350 communem

481 4391 714 4443 salutem
751 4392 993 4444 omnium
1032 4392 1228 4444 civium
1270 4396 1319 4442 et
1350 4405 1527 4458 prope
1562 4391 1840 4458 yentz'um.
1868 4430 1877 4439 .
1903 4434 1912 4443 .
1938 4430 1948 4441 .
1979 4389 2008 4456 ξ
2036 4389 2140 4442 130
2168 4430 2178 4441 .
2209 4430 2219 4440 .
2251 4430 2261 4441 .
2290 4388 2582 4440 Numidici
2607 4387 2761 4439 illius
2788 4402 2951 4439 casus

482 4479 566 4533 vel
599 4480 894 4548 yloriosm,
933 4480 1017 4532 vel
1052 4480 1243 4548 yravis
1271 4520 1281 4531 .
1311 4518 1322 4530 .
1356 4519 1365 4529 .
1398 4479 1454 4545 .).
