3485 5069
1569 317 1927 369 -47-

521 493 917 559 afferuntur.
969 492 1157 573 Quod
1204 497 1272 559 et
1317 493 1618 559 insonte
1667 492 2005 577 quondam
2038 493 2134 559 ita
2177 515 2246 559 se
2279 493 2597 559 habuisse
2628 495 2973 580 Appianus

518 609 858 694 praemisso
907 608 985 673 de
1035 609 1130 674 eis
1177 608 1442 675 exordio
1490 608 1859 674 luculenter
1897 609 2234 692 significat
2281 608 2461 696 (quid
2500 613 2703 675 antea
2735 609 2975 674 dixerit

525 723 586 811 (ξ
622 727 725 790 86.
755 727 860 812 87)
895 746 1029 790 non
1061 725 1440 790 meminisse
1472 724 1737 790 videtur
1768 725 1837 789 in
1871 722 1911 811 ξ
1941 726 2316 807 152-154;
2349 724 2511 789 illud
2544 723 2701 792 οὕτω
2726 722 2973 809 διελύῖῑη

522 840 652 928 (88)
704 862 839 906 non
886 840 1110 923 habet,
1162 861 1290 924 quo
1338 839 1704 927 referatur).

734 960 954 1040 Atque
1000 956 1454 1022 retractatoris
1501 976 1742 1021 manus
1793 957 1997 1022 etiam
2060 957 2129 1020 in
2174 956 2324 1022 Livi
2370 957 2568 1022 Drusi
2623 957 2973 1022 tribunatu

521 1072 850 1155 detegitur
879 1071 1207 1137 Marcksio
1258 1071 1398 1157 (Die
1433 1071 1706 1151 Quellen
1738 1094 1890 1137 zum
1921 1071 2723 1156 Bundesgenossenkrieg.
2795 1073 2968 1138 Diss
3021 1092 3027 1098 ·

521 1187 915 1271 Strassburg
954 1188 1141 1275 1882)
1190 1188 1471 1273 priorem
1517 1187 1891 1252 versionem
1929 1190 2300 1273 reparante,
2351 1186 2713 1252 secundum
2747 1209 2968 1272 quam,

521 1308 598 1369 ut
667 1303 844 1390 apud
914 1307 1164 1369 ceteros
1235 1302 1477 1385 fonteS,
1549 1303 1782 1368 Livius
1854 1307 2236 1369 senatorum
2309 1304 2563 1368 amicus
2634 1304 2971 1388 equitibus

519 1418 763 1485 iudicia
810 1420 1054 1506 eripere
1102 1418 1409 1485 voluerat
1431 1420 1471 1505 ¹)
1533 1418 1742 1505 (cuius
1790 1419 2078 1501 vestigia
2123 1395 2587 1485 remanent'in
2636 1417 2675 1506 ξ
2729 1422 2853 1484 157
2904 1424 2974 1485 et

519 1535 806 1601 fortasse
860 1536 1026 1622 165).
1078 1535 1237 1615 Quae
1282 1535 1498 1600 versio
1548 1556 1624 1600 eo
1674 1533 2043 1620 depravata
2091 1538 2213 1617 est,
2263 1538 2341 1599 ut
2387 1534 2474 1599 ad
2505 1534 2769 1600 Italicos
2811 1537 2972 1601 civi-

520 1656 662 1717 tate
713 1650 1056 1717 donandos
1104 1651 1413 1716 tribunus
1463 1655 1793 1733 senatum,
1845 1649 2140 1716 ordinem
2188 1654 2581 1734 equestrem,
2632 1651 2969 1737 populum,

522 1789 716 1853 quem
763 1767 905 1850 lege
954 1767 1215 1849 agraria
1263 1767 1390 1832 sibi
1438 1765 1767 1831 devincire
1817 1767 2205 1849 conabatur,
2256 1766 2643 1832 conciliasse
2692 1766 2969 1833 dicatur.

522 1884 667 1948 Iure
700 1883 902 1966 igitur
932 1883 1267 1964 miramur,
1319 1903 1433 1947 cur
1463 1886 1604 1948 tam
1640 1886 1909 1948 strenue
1942 1881 2154 1946 Italici
2187 1882 2246 1947 ei
2279 1881 2734 1965 adversentur,
2772 1883 2971 1948 immo

521 2021 636 2064 cur
696 1999 780 2064 ab
843 1998 1077 2064 iisdem
1137 1999 1386 2064 Italicis
1454 2002 1801 2083 tamquam
1861 2019 1978 2084 pro
2041 1997 2281 2084 populo
2344 1997 2645 2064 Romano
2710 1998 2805 2063 eis
2867 1999 2970 2062 in-

520 2116 757 2180 iuriam
816 2115 1135 2198 intulerit,
1200 2114 1660 2196 interficiatur,
1725 2115 1838 2199 qui
1897 2118 2180 2179 mortem
2228 2114 2370 2179 eius
2427 2114 2638 2179 tantis
2685 2113 2972 2180 lacrimis

523 2231 859 2297 celebrant
922 2230 1072 2316 (169
1136 2230 1217 2296 cf.
1274 2231 1418 2294 154.
1514 2230 1594 2295 cf.
1646 2228 1908 2294 Marcks
1977 2229 2251 2316 passim)
2324 2233 2392 2295 et
2461 2228 2702 2294 diserte
2778 2229 2973 2294 amici

521 2347 663 2413 eius
728 2345 1033 2412 dicantur
1095 2345 1157 2432 (ξ
1209 2346 1411 2433 1652)
1490 2347 1710 2429 Atque
1774 2366 1808 2410 e
1869 2346 2325 2410 retractatoris
2388 2344 2657 2410 consilio
2705 2345 2971 2411 Italicos

520 2463 766 2548 ubique
830 2461 1162 2528 inserendi
1228 2461 1541 2527 facillime
1611 2482 1747 2546 qua
1817 2459 1895 2525 de
1959 2482 2166 2526 causa
2225 2460 2335 2525 lex
2395 2461 2601 2526 Varia
2671 2462 2824 2548 (165
2887 2460 2967 2526 cf.

518 2579 779 2645 Marcks
826 2600 929 2665 pg.
965 2580 1073 2666 46)
1123 2578 1607 2664 Asellionisque
1655 2578 1966 2643 interitus
2015 2576 2389 2664 (232—239
2424 2577 2683 2644 Marcks
2716 2600 2819 2664 pg.
2853 2577 2970 2652 46)

520 2717 653 2761 non
701 2716 820 2760 suo
854 2694 996 2760 loco
1029 2698 1402 2776 narrentur,
1437 2694 1831 2780 explicatur,
1880 2693 2130 2759 scilicet
2160 2694 2228 2758 in
2260 2693 2445 2759 fonte
2480 2694 2852 2778 antiquiore
2885 2693 2972 2759 ad

521 2815 797 2876 senatus
846 2809 1223 2894 ordinisque
1272 2810 1595 2894 equestris
1631 2810 2124 2875 contentionem
2155 2808 2264 2874 lex
2292 2808 2517 2887 Varia,
2569 2808 2655 2874 ad
2689 2808 2969 2875 divitum

518 2946 1014 3012 pauperumque
1031 2925 1383 2990 Asellionis
1410 2924 1668 3007 seditio,
1692 2925 1991 3008 neglecto
2018 2947 2167 2990 cum
2187 2925 2384 2990 rebus
2400 2924 2646 2990 Italicis
2668 2946 2971 2990 connexu

515 3041 994 3124 referebantur,
1046 3040 1222 3126 quod
1269 3040 1309 3127 ἓ
1347 3042 1474 3106 165
1522 3040 1878 3107 confirmat
1925 3038 2054 3125 (καὶ
2084 3040 2140 3106 οἱ
2171 3039 2372 3117 ἱππεῖς
2400 3065 2461 3106 κ.
2486 3065 2545 3106 τ.
2571 3040 2667 3127 λ.).
2737 3041 2969 3105 Anim-

519 3155 833 3223 advertas
868 3158 1090 3239 etiam,
1128 3156 1304 3241 quod
1335 3156 1490 3222 belli
1525 3157 1788 3222 socialis
1821 3157 2104 3243 primum
2130 3178 2381 3222 annum
2414 3158 2512 3222 ita
2536 3158 2811 3242 scriptor
2836 3155 2970 3222 dis-

518 3273 723 3358 ponit,
774 3277 852 3338 ut
899 3294 941 3337 a
986 3272 1263 3355 singulis
1296 3272 1675 3338 Italicorum
1707 3294 1843 3338 non
1873 3272 2326 3338 Romanorum
2366 3271 2644 3337 ducibus
2677 3274 2969 3338 narratio

521 3389 980 3473 proficiscatur
999 3388 1075 3474 3):
1109 3388 1155 3470 I,
1182 3389 1290 3470 41,
1324 3389 1448 3453 182
1481 3385 1779 3464 Οὐέττιος
1810 3386 2080 3454 Σκάτων
2117 3389 2243 3452 183
2276 3386 2514 3473 Μοίριος
2554 3386 2620 3453 δὲ
2644 3386 2973 3471 Ἐγνάτιος

736 3647 774 3713 ¹)
815 3662 943 3698 sane
984 3648 1146 3700 etiam
1185 3648 1240 3698 in
1282 3647 1375 3699 illa
1414 3646 1479 3699 de
1519 3646 1722 3699 Italicis
1761 3647 1928 3698 verba
1967 3644 2188 3712 fiebant,
2229 3662 2327 3697 nec
2365 3662 2492 3698 vero
2531 3646 2703 3712 primo
2742 3647 2872 3699 loc0.

733 3734 774 3802 2)
814 3743 1021 3789 mortuo
1063 3738 1206 3788 enim
1245 3734 1422 3788 Druso
1460 3736 1680 3788 tandem
1719 3736 1924 3802 equites
1964 3736 2275 3788 Italicorum
2325 3742 2753 3803 propugnatores
2794 3737 2848 3787 in
2888 3736 2970 3787 ius

519 3839 710 3877 vocare
763 3832 1051 3893 conantur,
1105 3834 1290 3892 aperte
1329 3830 1509 3877 autem
1550 3826 1599 3877 ei
1651 3827 1842 3892 quibus
1896 3827 2071 3878 exitus
2122 3826 2235 3876 eius
2282 3824 2517 3891 prodest,
2571 3823 2814 3876 ordinem
2852 3824 2970 3877 dico

522 3920 839 3979 equestrem,
889 3929 1010 3965 eum
1061 3922 1418 3981 necaverant;
1471 3915 1613 3979 quod
1667 3930 1787 3966 cum
1835 3915 2026 3967 ceteris
2078 3912 2323 3966 fontibus
2375 3915 2649 3981 congruit3
2704 3913 2969 3978 quomodo

519 4017 647 4056 vero
685 4004 738 4054 in
782 4002 1038 4055 Etruscos
1077 4002 1410 4068 Umbrosque
1450 4004 1690 4070 Appiani
1731 4012 1918 4057 auctor
1955 4003 2222 4068 inciderit,
2264 4002 2549 4054 obscurum
2588 4009 2684 4055 est.

732 4090 774 4158 3)
814 4091 937 4143 inde
976 4089 1181 4144 factum
1220 4108 1351 4157 esse,
1390 4098 1449 4144 ut
1468 4091 1583 4143 Juli
1611 4093 1839 4144 Caesaris
1866 4093 2097 4145 consulis
2124 4091 2325 4143 bellum
2352 4091 2585 4142 medium
2611 4091 2970 4156 dirimeretur,

520 4180 850 4232 Marcksium
890 4180 1141 4247 effugisse
1180 4181 1406 4233 videtur.
1446 4211 1516 4218 —
1555 4181 1809 4233 Ceterum
1845 4181 1988 4232 idem
2013 4182 2102 4232 vix
2127 4189 2271 4233 recte
2300 4180 2365 4232 de
2393 4196 2576 4246 pugna
2603 4180 2749 4246 apud
2779 4181 2972 4232 Aeser-

521 4269 668 4321 niam
707 4267 851 4321 facta
891 4270 1147 4322 iudicavit
1181 4272 1286 4335 (pg.
1315 4271 1385 4323 40
1422 4285 1517 4336 sq.,
1558 4271 1622 4324 71
1665 4270 1782 4334 sq).
1858 4269 2074 4321 Etenim
2115 4270 2404 4321 eiusdem
2445 4268 2658 4321 cladis
2697 4274 2969 4322 auctorem

522 4356 645 4410 fons
673 4359 813 4410 alter
838 4358 1121 4411 Scatonem
1149 4359 1298 4427 (182)
1326 4361 1481 4425 alter,
1520 4364 1580 4410 ut
1606 4365 1752 4410 recte
1779 4357 2098 4423 MarcksiuS,
2139 4357 2431 4423 Egnatium
2452 4359 2602 4425 (199)
2632 4358 2969 4426 nominabat,

522 4447 920 4499 contaminator
957 4454 1154 4514 autem,
1195 4448 1320 4514 quia
1359 4453 1558 4514 praeter
1596 4448 1874 4499 nominum
1912 4445 2279 4499 diversitatem
2318 4448 2479 4499 etiam
2517 4448 2622 4499 iter
2660 4447 2887 4499 Caesaris
2913 4448 2967 4498 in
