3485 5069
1542 346 1895 400 -93-

491 520 773 587 evadere
821 521 1044 588 conati
1089 524 1299 588 erant.
1395 521 1584 602 Quod
1642 526 1872 588 autem
1919 523 2075 588 Furi
2119 525 2534 607 rogationem
2579 527 2941 593 Dolabellae

491 634 860 724 Giganique
929 637 1126 703 morti
1173 637 1442 704 Orosius
1489 639 1851 724 praemittit,
1931 639 2001 704 in
2064 661 2145 705 ea
2206 661 2274 705 re
2328 641 2583 707 iustum
2627 644 2942 729 temporis

377 838 380 843 ,
489 754 783 821 ordinem
830 753 1152 835 turbavit,
1215 753 1374 839 quia
1419 752 1712 839 profecto
1761 754 2029 820 comitia
2073 776 2209 821 non
2254 756 2699 842 habebantur,
2750 762 2941 824 ante-

488 892 692 956 quam
738 891 964 957 pugna
1011 889 1161 934 cum
1209 868 1543 934 seditiosis
1592 870 1903 936 cessavit.

699 1004 960 1087 Restat,
1022 1005 1100 1069 ut
1154 1023 1283 1087 quo
1346 1002 1617 1068 consilio
1663 1002 1914 1069 Marius
1963 1005 2187 1087 egerit,
2237 1009 2565 1091 quantum
2611 1006 2785 1089 licet,
2834 1007 2937 1072 in-

488 1120 864 1206 spiciamus
914 1119 1316 1184 Plutarchus
1367 1118 1490 1205 (pg.
1527 1119 1677 1201 363,
1705 1117 1769 1206 2)
1819 1122 1888 1185 et
1931 1120 2279 1206 Appianus
2330 1119 2392 1208 (§
2438 1123 2590 1207 144)
2637 1121 2935 1206 tradunt,

484 1236 652 1301 Mari
697 1235 992 1301 amicitia
1039 1235 1328 1299 confisos
1376 1233 1727 1300 seditiosos
1777 1255 1927 1299 cum
1974 1236 2243 1301 consule
2279 1236 2637 1303 collocutos
2672 1258 2817 1304 esse
2852 1238 2937 1304 ab

485 1372 693 1436 eoque
740 1355 1088 1436 tamquam
1135 1350 1220 1415 ab
1271 1350 1483 1415 amico
1529 1349 1734 1414 fidem
1783 1351 2134 1436 accepisse.
2204 1351 2392 1432 Quod
2438 1356 2518 1418 ut
2565 1374 2607 1418 a
2651 1352 2939 1419 Liviana

484 1467 864 1533 narratione
933 1466 1130 1552 plane
1201 1466 1512 1531 abhorret
1581 1463 1684 1552 (cf.
1745 1465 2090 1531 Saturnini
2160 1467 2689 1533 criminationem
2758 1469 2938 1555 apud

484 1582 785 1648 Orosium
811 1582 1195 1668 narratam),
1222 1582 1320 1646 ita
1345 1581 1551 1647 etiam
1598 1602 1748 1646 cum
1779 1581 1989 1667 ipsius
2014 1582 2301 1668 Appiani
2347 1583 2570 1649 verbis
2604 1584 2938 1650 conciliari

481 1699 739 1782 nequit:
767 1718 1007 1778 nonne,
1034 1697 1091 1762 si
1136 1697 1206 1761 in
1237 1697 1521 1762 Marium
1554 1699 1957 1783 sperassent,
1993 1718 2147 1762 eum
2179 1698 2704 1781 arcessivissent,
2740 1701 2933 1765 ante-

482 1834 683 1897 quam
731 1813 969 1879 ultima
1015 1813 1416 1878 necessitate
1465 1813 1677 1878 coacti
1724 1816 1970 1878 essent.
2030 1815 2250 1897 Atque
2296 1813 2676 1900 Appianum
2723 1814 2931 1881 Mario

478 1929 706 1995 favere
783 1932 851 1994 et
924 1950 1039 2014 pro
1118 1950 1193 1994 eo
1271 1929 1626 1993 veritatem
1701 1931 2062 1993 retractare
2145 1928 2255 1994 vel
2353 1929 2480 1994 hoc
2555 1930 2930 2017 exemplum

477 2046 735 2131 probat.
831 2043 1142 2109 Seditiosi
1201 2044 1402 2126 igitur
1462 2065 1597 2109 non
1657 2064 1808 2108 cum
1868 2044 2171 2127 amico,
2245 2043 2362 2109 sed
2421 2045 2713 2124 legitime
2783 2067 2933 2111 cum

479 2160 829 2242 consule,
893 2160 1024 2245 qui
1085 2159 1332 2246 copiis
1392 2162 1756 2245 praeerat,
1820 2158 2127 2225 collocuti
2173 2163 2333 2225 sunt
2380 2163 2449 2225 et
2493 2161 2633 2246 ipse
2681 2160 2930 2227 Marius

476 2279 824 2360 tamquam
848 2275 1399 2358 magistratuS,
1427 2275 1560 2359 qui,
1609 2277 1688 2340 ut
1711 2274 2104 2340 seditionem
2138 2275 2421 2358 sedaret,
2457 2277 2669 2359 magis
2702 2276 2930 2342 stude-

475 2393 615 2474 bat,
664 2412 865 2477 quam
926 2393 1004 2455 ut
1034 2391 1384 2477 populares
1430 2391 1852 2474 interficeret,
1900 2390 2106 2456 fidem
2131 2389 2330 2475 dedit,
2362 2391 2648 2457 fortasse
2686 2393 2930 2458 veteris

476 2508 784 2573 amicitiae
830 2527 1096 2572 memor.
1169 2505 1358 2586 Quod
1404 2505 1491 2572 ad
1537 2528 1811 2573 causam
1855 2505 2208 2573 deditionis
2242 2508 2507 2591 attinet,
2559 2509 2758 2592 sitim,
2793 2529 2931 2594 qua

475 2646 676 2709 supra
730 2623 816 2688 ad
858 2626 1157 2709 tempora
1209 2621 1510 2687 notanda
1567 2623 1672 2687 usi
1719 2644 1973 2705 sumUS,
2015 2624 2364 2709 Appianus
2413 2627 2482 2689 et
2530 2623 2929 2690 Plutarchus

473 2740 788 2825 praebent,
838 2760 987 2804 cum
1021 2739 1218 2804 ceteri
1266 2737 1345 2803 de
1376 2738 1626 2803 fistulis
1658 2738 1885 2803 incisis
1932 2742 2201 2804 tantum
2249 2741 2317 2803 et
2364 2738 2443 2803 de
2494 2739 2728 2804 timore
2777 2740 2926 2806 sitis

471 2856 678 2920 verba
724 2855 1000 2921 faciant.
1071 2854 1244 2920 Fieri
1288 2854 1608 2940 potuisse,
1660 2856 1737 2919 ut
1782 2874 1896 2939 pro
1930 2854 2180 2918 fistulis
2214 2854 2439 2919 incisis
2473 2854 2748 2940 scriptor
2779 2856 2926 2940 qui-

472 2970 626 3035 dam
665 2971 879 3057 ipsam
927 2970 1109 3036 sitim
1154 2970 1455 3052 fingeret,
1505 2970 1733 3052 negari
1780 2969 2013 3053 nequit
2060 2972 2262 3055 atque
2308 2968 2600 3055 profecto
2648 2969 2798 3035 Livi
2847 2969 2925 3035 de

472 3087 813 3171 eruptione
871 3085 1138 3171 repulsa
1197 3086 1491 3150 narratio
1554 3085 1875 3149 minorem
1939 3085 2382 3170 suspicionem
2444 3088 2691 3151 movet.
2799 3085 2927 3151 Cur

470 3222 626 3267 vero
675 3222 810 3266 non
843 3203 912 3266 et
955 3201 1082 3265 hoc
1129 3203 1197 3265 et
1242 3199 1406 3264 illud
1451 3201 1881 3283 retineamUS,
1915 3200 2171 3265 nullam
2218 3220 2493 3265 causam
2526 3222 2672 3266 esse
2703 3200 2921 3268 vide0.

470 3317 691 3382 Etiam
758 3316 884 3381 hoc
956 3314 1359 3380 monendum
1423 3317 1554 3398 est,
1616 3315 2003 3381 fistularum
2071 3316 2478 3380 mentionem
2540 3336 2675 3381 non
2746 3315 2925 3403 apud

469 3454 698 3499 omnes
737 3434 1041 3497 auctores
1088 3430 1387 3496 futuram
1434 3451 1600 3514 esse,
1649 3431 1781 3496 nisi
1811 3431 2188 3512 gravissimi
2233 3432 2303 3495 in
2351 3430 2673 3497 seditione
2719 3433 2921 3518 repri-
3031 3501 3036 3502 ff

466 3547 712 3613 menda
756 3547 1051 3612 fuissent
1096 3546 1441 3612 momenti.

680 3679 890 3782 Caedis
937 3680 1180 3745 crimen
1211 3700 1295 3744 ne
1327 3680 1668 3745 Plutarchi
1700 3679 1966 3765 quidem
1996 3679 2169 3762 fons,
2204 3680 2319 3764 qui
2349 3679 2557 3745 Mario
2591 3680 2909 3746 inimicis-

465 3797 673 3862 simus
722 3799 826 3861 est
851 3795 975 3881 (pg.
1012 3795 1161 3878 363,
1213 3798 1272 3877 6,
1327 3796 1406 3883 7),
1457 3796 1518 3861 ei
1547 3796 1786 3861 tribuit
1816 3794 2409 3879 seditiosorumque
2457 3796 2719 3861 victor
2764 3798 2917 3860 tan-

463 3915 608 3977 tum
654 3932 787 3977 non
837 3910 1308 3977 interfector
1352 3910 1689 3998 praedicari
1738 3911 1980 3999 solet.¹)
2043 3910 2130 3976 Et
2175 3911 2232 3976 si
2279 3910 2546 3995 quidem
2593 3932 2690 3993 eo,
2742 3910 2918 3995 quod

678 4144 718 4211 ¹)
757 4144 910 4211 Elog.
939 4144 996 4197 C.
1016 4144 1054 4195 I.
1078 4143 1137 4196 L.
1161 4141 1235 4210 1²,
1273 4159 1357 4211 pg.
1379 4144 1498 4198 195.
1563 4143 1670 4196 Cic.
1692 4158 1789 4209 pro
1821 4143 2004 4195 Plane.
2033 4144 2102 4198 88
2128 4159 2226 4210 pro
2252 4143 2365 4195 Mil.
2394 4144 2442 4197 8.
2466 4144 2535 4196 83
2561 4148 2700 4195 auct.
2725 4140 2792 4194 de
2816 4143 2912 4193 vir.

459 4226 534 4276 ill.
564 4225 649 4292 67,
687 4224 927 4277 Velleius
965 4224 1036 4291 II,
1074 4224 1140 4277 12
1180 4225 1391 4291 Ampel.
1420 4224 1505 4289 26,
1539 4223 1590 4278 3.
1680 4223 1788 4276 Cic.
1811 4223 1925 4277 Cat.
1955 4223 2051 4285 ΙΙΙ,
2081 4224 2149 4277 15
2189 4239 2254 4275 ex
2309 4224 2537 4275 oratoris
2591 4228 2737 4275 certo
2792 4238 2915 4274 con-

459 4306 579 4357 silio
619 4306 920 4371 explicatur
958 4303 1028 4357 cf.
1057 4312 1246 4356 contra
1285 4304 1401 4357 Cat.
1428 4304 1470 4371 I,
1507 4304 1566 4355 4:
1619 4320 1757 4355 num
1804 4319 1977 4355 unum
2027 4304 2165 4356 diem
2206 4310 2407 4370 postea
2446 4303 2514 4356 L.
2544 4301 2911 4355 Saturninum

459 4385 746 4438 tribunum
780 4384 856 4451 pl.
886 4391 937 4437 et
980 4383 1031 4437 G.
1060 4382 1353 4436 Servilium
1381 4390 1672 4450 praetorem
1691 4398 1836 4436 mors
1854 4400 1921 4435 ac
1943 4383 2261 4450 reipublicae
2276 4399 2449 4450 poena
2473 4388 2755 4435 remorata
2784 4380 2907 4434 est?

458 4462 528 4517 cf.
551 4463 727 4518 Schol.
765 4463 933 4516 Bobb.
963 4479 1050 4532 pg.
1077 4464 1182 4519 277
1221 4463 1312 4516 Or.
