<?xml version="1.0" encoding="UTF-8"?>
<!DOCTYPE html PUBLIC "-//W3C//DTD XHTML 1.0 Transitional//EN"
    "http://www.w3.org/TR/xhtml1/DTD/xhtml1-transitional.dtd">
<html xmlns="http://www.w3.org/1999/xhtml" xml:lang="en" lang="en">
 <head>
  <title>
</title>
<meta http-equiv="Content-Type" content="text/html;charset=utf-8" />
  <meta name='ocr-system' content='tesseract 3.04.00' />
  <meta name='ocr-capabilities' content='ocr_page ocr_carea ocr_par ocr_line ocrx_word'/>
</head>
<body>
  <div class='ocr_page' id='page_1' title='image "./delappuleiosatu01mhgoog_0015.png"; bbox 0 0 3485 5069; ppageno 0'>
   <div class='ocr_carea' id='block_1_1' title="bbox 1239 1073 2189 1168">
    <p class='ocr_par' dir='ltr' id='par_1_1' title="bbox 1239 1073 2189 1168">
     <span class='ocr_line' id='line_1_1' title="bbox 1239 1073 2189 1168; baseline 0 -1"><span class='ocrx_word' id='word_1_1' title='bbox 1239 1077 1283 1167; x_wconf 92' lang='lat'>1.</span> <span class='ocrx_word' id='word_1_2' title='bbox 1336 1075 1501 1166; x_wconf 80' lang='lat' dir='ltr'>DE</span> <span class='ocrx_word' id='word_1_3' title='bbox 1570 1073 2189 1168; x_wconf 79' lang='lat' dir='ltr'><strong>FONTIBUS.</strong></span> 
     </span>
    </p>
   </div>
   <div class='ocr_carea' id='block_1_2' title="bbox 1377 1481 2052 1563">
    <p class='ocr_par' dir='ltr' id='par_1_2' title="bbox 1377 1481 2052 1563">
     <span class='ocr_line' id='line_1_2' title="bbox 1377 1481 2052 1563; baseline 0 -3"><span class='ocrx_word' id='word_1_4' title='bbox 1377 1484 1440 1560; x_wconf 94' lang='lat' dir='ltr'>l.</span> <span class='ocrx_word' id='word_1_5' title='bbox 1484 1481 1600 1560; x_wconf 90' lang='lat' dir='ltr'>De</span> <span class='ocrx_word' id='word_1_6' title='bbox 1657 1482 2052 1563; x_wconf 88' lang='lat' dir='ltr'><strong>Cicerone.</strong></span> 
     </span>
    </p>
   </div>
   <div class='ocr_carea' id='block_1_3' title="bbox 530 1713 2902 1796">
    <p class='ocr_par' dir='ltr' id='par_1_3' title="bbox 530 1713 2902 1796">
     <span class='ocr_line' id='line_1_3' title="bbox 530 1713 2902 1796; baseline 0.002 -18"><span class='ocrx_word' id='word_1_7' title='bbox 530 1719 601 1795; x_wconf 82' lang='lat' dir='ltr'>a)</span> <span class='ocrx_word' id='word_1_8' title='bbox 655 1714 763 1779; x_wconf 84' lang='lat' dir='ltr'>De</span> <span class='ocrx_word' id='word_1_9' title='bbox 812 1715 1167 1779; x_wconf 79' lang='lat' dir='ltr'><strong>Oratione</strong></span> <span class='ocrx_word' id='word_1_10' title='bbox 1217 1733 1353 1796; x_wconf 84' lang='lat' dir='ltr'>pro</span> <span class='ocrx_word' id='word_1_11' title='bbox 1403 1713 1483 1778; x_wconf 87' lang='lat' dir='ltr'>C.</span> <span class='ocrx_word' id='word_1_12' title='bbox 1517 1713 1815 1782; x_wconf 79' lang='lat' dir='ltr'>Rabirio</span> <span class='ocrx_word' id='word_1_13' title='bbox 1867 1714 2401 1796; x_wconf 79' lang='lat' dir='ltr'>perduellionis</span> <span class='ocrx_word' id='word_1_14' title='bbox 2453 1735 2580 1780; x_wconf 83' lang='lat' dir='ltr'>reo</span> <span class='ocrx_word' id='word_1_15' title='bbox 2630 1717 2902 1782; x_wconf 81' lang='lat' dir='ltr'>habita.</span> 
     </span>
    </p>
   </div>
   <div class='ocr_carea' id='block_1_4' title="bbox 478 1892 2938 4541">
    <p class='ocr_par' dir='ltr' id='par_1_4' title="bbox 482 1892 2938 3149">
     <span class='ocr_line' id='line_1_4' title="bbox 699 1892 2934 1994; baseline 0.001 -21"><span class='ocrx_word' id='word_1_16' title='bbox 699 1909 990 1974; x_wconf 89' lang='lat' dir='ltr'>Primum</span> <span class='ocrx_word' id='word_1_17' title='bbox 1052 1908 1270 1974; x_wconf 90' lang='lat' dir='ltr'>locum</span> <span class='ocrx_word' id='word_1_18' title='bbox 1330 1908 1504 1973; x_wconf 90' lang='lat' dir='ltr'>inter</span> <span class='ocrx_word' id='word_1_19' title='bbox 1561 1907 1805 1990; x_wconf 81' lang='lat' dir='ltr'>fonteS,</span> <span class='ocrx_word' id='word_1_20' title='bbox 1870 1908 1981 1994; x_wconf 92' lang='lat' dir='ltr'>qui</span> <span class='ocrx_word' id='word_1_21' title='bbox 2041 1929 2147 1973; x_wconf 90' lang='lat' dir='ltr'>res</span> <span class='ocrx_word' id='word_1_22' title='bbox 2208 1930 2384 1974; x_wconf 89' lang='lat' dir='ltr'>anno</span> <span class='ocrx_word' id='word_1_23' title='bbox 2453 1911 2580 1975; x_wconf 88' lang='lat'>100</span> <span class='ocrx_word' id='word_1_24' title='bbox 2625 1931 2685 1975; x_wconf 93' lang='lat' dir='ltr'>a.</span> <span class='ocrx_word' id='word_1_25' title='bbox 2719 1892 2834 1975; x_wconf 90' lang='lat' dir='ltr'>Ch.</span> <span class='ocrx_word' id='word_1_26' title='bbox 2869 1932 2934 1977; x_wconf 91' lang='lat' dir='ltr'>n.</span> 
     </span>
     <span class='ocr_line' id='line_1_5' title="bbox 487 2023 2936 2112; baseline 0 -23"><span class='ocrx_word' id='word_1_27' title='bbox 487 2027 712 2108; x_wconf 86' lang='lat' dir='ltr'>gestas</span> <span class='ocrx_word' id='word_1_28' title='bbox 758 2026 1055 2106; x_wconf 88' lang='lat' dir='ltr'>narrant,</span> <span class='ocrx_word' id='word_1_29' title='bbox 1105 2023 1323 2088; x_wconf 88' lang='lat' dir='ltr'>Cicero</span> <span class='ocrx_word' id='word_1_30' title='bbox 1371 2026 1577 2107; x_wconf 90' lang='lat' dir='ltr'>tenet,</span> <span class='ocrx_word' id='word_1_31' title='bbox 1628 2024 1741 2110; x_wconf 93' lang='lat' dir='ltr'>qui</span> <span class='ocrx_word' id='word_1_32' title='bbox 1787 2023 1857 2088; x_wconf 91' lang='lat' dir='ltr'>in</span> <span class='ocrx_word' id='word_1_33' title='bbox 1905 2024 2202 2089; x_wconf 88' lang='lat' dir='ltr'>oratione</span> <span class='ocrx_word' id='word_1_34' title='bbox 2249 2045 2363 2110; x_wconf 90' lang='lat' dir='ltr'>pro</span> <span class='ocrx_word' id='word_1_35' title='bbox 2398 2024 2463 2090; x_wconf 92' lang='lat' dir='ltr'>C.</span> <span class='ocrx_word' id='word_1_36' title='bbox 2491 2025 2759 2091; x_wconf 84' lang='lat' dir='ltr'>Rabirio</span> <span class='ocrx_word' id='word_1_37' title='bbox 2790 2047 2936 2112; x_wconf 90' lang='lat' dir='ltr'>per-</span> 
     </span>
     <span class='ocr_line' id='line_1_6' title="bbox 488 2138 2936 2226; baseline 0.001 -21"><span class='ocrx_word' id='word_1_38' title='bbox 488 2138 836 2205; x_wconf 80' lang='lat' dir='ltr'>duellionis</span> <span class='ocrx_word' id='word_1_39' title='bbox 881 2161 991 2205; x_wconf 91' lang='lat' dir='ltr'>reo</span> <span class='ocrx_word' id='word_1_40' title='bbox 1041 2161 1217 2205; x_wconf 89' lang='lat' dir='ltr'>anno</span> <span class='ocrx_word' id='word_1_41' title='bbox 1268 2140 1351 2204; x_wconf 87' lang='lat'>63</span> <span class='ocrx_word' id='word_1_42' title='bbox 1400 2161 1460 2204; x_wconf 91' lang='lat' dir='ltr'>a.</span> <span class='ocrx_word' id='word_1_43' title='bbox 1496 2139 1641 2204; x_wconf 85' lang='lat' dir='ltr'><strong>Chr.</strong></span> <span class='ocrx_word' id='word_1_44' title='bbox 1677 2161 1741 2205; x_wconf 91' lang='lat' dir='ltr'>n.</span> <span class='ocrx_word' id='word_1_45' title='bbox 1791 2139 2045 2222; x_wconf 90' lang='lat' dir='ltr'>habita,</span> <span class='ocrx_word' id='word_1_46' title='bbox 2106 2161 2256 2204; x_wconf 91' lang='lat' dir='ltr'>cum</span> <span class='ocrx_word' id='word_1_47' title='bbox 2316 2140 2463 2226; x_wconf 88' lang='lat' dir='ltr'>ipsa</span> <span class='ocrx_word' id='word_1_48' title='bbox 2510 2161 2716 2206; x_wconf 90' lang='lat' dir='ltr'>causa</span> <span class='ocrx_word' id='word_1_49' title='bbox 2764 2140 2936 2207; x_wconf 91' lang='lat' dir='ltr'>sedi-</span> 
     </span>
     <span class='ocr_line' id='line_1_7' title="bbox 485 2253 2938 2342; baseline 0 -21"><span class='ocrx_word' id='word_1_50' title='bbox 485 2255 687 2321; x_wconf 81' lang='lat' dir='ltr'>tionis</span> <span class='ocrx_word' id='word_1_51' title='bbox 711 2255 1144 2342; x_wconf 85' lang='lat' dir='ltr'>Appuleianae</span> <span class='ocrx_word' id='word_1_52' title='bbox 1175 2253 1679 2341; x_wconf 81' lang='lat' dir='ltr'>descriptionem</span> <span class='ocrx_word' id='word_1_53' title='bbox 1707 2254 2097 2341; x_wconf 79' lang='lat' dir='ltr'>postularet,</span> <span class='ocrx_word' id='word_1_54' title='bbox 2133 2255 2675 2342; x_wconf 89' lang='lat' dir='ltr'>antiquissimum</span> <span class='ocrx_word' id='word_1_55' title='bbox 2708 2278 2938 2322; x_wconf 90' lang='lat' dir='ltr'>earum</span> 
     </span>
     <span class='ocr_line' id='line_1_8' title="bbox 483 2369 2935 2457; baseline 0.001 -21"><span class='ocrx_word' id='word_1_56' title='bbox 483 2392 702 2437; x_wconf 86' lang='lat' dir='ltr'>rerum</span> <span class='ocrx_word' id='word_1_57' title='bbox 747 2371 1206 2437; x_wconf 91' lang='lat' dir='ltr'>testimonium</span> <span class='ocrx_word' id='word_1_58' title='bbox 1244 2371 1436 2436; x_wconf 91' lang='lat' dir='ltr'>nobis</span> <span class='ocrx_word' id='word_1_59' title='bbox 1472 2369 1671 2436; x_wconf 89' lang='lat' dir='ltr'>dedit.</span> <span class='ocrx_word' id='word_1_60' title='bbox 1744 2371 1965 2456; x_wconf 86' lang='lat' dir='ltr'>Atque</span> <span class='ocrx_word' id='word_1_61' title='bbox 1998 2392 2081 2436; x_wconf 90' lang='lat' dir='ltr'>ex</span> <span class='ocrx_word' id='word_1_62' title='bbox 2111 2371 2321 2457; x_wconf 91' lang='lat' dir='ltr'>ipsius</span> <span class='ocrx_word' id='word_1_63' title='bbox 2355 2371 2682 2438; x_wconf 83' lang='lat' dir='ltr'>Ciceronis</span> <span class='ocrx_word' id='word_1_64' title='bbox 2714 2373 2935 2438; x_wconf 88' lang='lat' dir='ltr'>verbis</span> 
     </span>
     <span class='ocr_line' id='line_1_9' title="bbox 485 2485 2935 2575; baseline 0 -21"><span class='ocrx_word' id='word_1_65' title='bbox 485 2490 554 2554; x_wconf 85' lang='lat' dir='ltr'>et</span> <span class='ocrx_word' id='word_1_66' title='bbox 600 2508 635 2553; x_wconf 93' lang='lat' dir='ltr'>e</span> <span class='ocrx_word' id='word_1_67' title='bbox 681 2488 892 2554; x_wconf 91' lang='lat' dir='ltr'>Dione</span> <span class='ocrx_word' id='word_1_68' title='bbox 941 2487 1167 2553; x_wconf 90' lang='lat' dir='ltr'>Cassio</span> <span class='ocrx_word' id='word_1_69' title='bbox 1217 2485 1565 2574; x_wconf 91' lang='lat' dir='ltr'>(XXXVII,</span> <span class='ocrx_word' id='word_1_70' title='bbox 1615 2488 1720 2571; x_wconf 81' lang='lat'>26,</span> <span class='ocrx_word' id='word_1_71' title='bbox 1762 2488 1819 2575; x_wconf 91' lang='lat'>1)</span> <span class='ocrx_word' id='word_1_72' title='bbox 1870 2490 2278 2574; x_wconf 87' lang='lat' dir='ltr'>compertum</span> <span class='ocrx_word' id='word_1_73' title='bbox 2322 2487 2651 2555; x_wconf 89' lang='lat' dir='ltr'>habemus</span> <span class='ocrx_word' id='word_1_74' title='bbox 2699 2488 2765 2555; x_wconf 94' lang='lat' dir='ltr'>C.</span> <span class='ocrx_word' id='word_1_75' title='bbox 2798 2489 2935 2554; x_wconf 88' lang='lat' dir='ltr'>Ra-</span> 
     </span>
     <span class='ocr_line' id='line_1_10' title="bbox 482 2603 2938 2690; baseline 0 -20"><span class='ocrx_word' id='word_1_76' title='bbox 482 2604 744 2687; x_wconf 89' lang='lat' dir='ltr'>birium,</span> <span class='ocrx_word' id='word_1_77' title='bbox 806 2603 982 2689; x_wconf 92' lang='lat' dir='ltr'>quod</span> <span class='ocrx_word' id='word_1_78' title='bbox 1041 2603 1115 2670; x_wconf 92' lang='lat' dir='ltr'>L.</span> <span class='ocrx_word' id='word_1_79' title='bbox 1162 2603 1561 2690; x_wconf 91' lang='lat' dir='ltr'>Appuleium</span> <span class='ocrx_word' id='word_1_80' title='bbox 1621 2603 2061 2669; x_wconf 88' lang='lat' dir='ltr'>Saturninum</span> <span class='ocrx_word' id='word_1_81' title='bbox 2129 2605 2281 2670; x_wconf 90' lang='lat' dir='ltr'>trib.</span> <span class='ocrx_word' id='word_1_82' title='bbox 2317 2604 2403 2690; x_wconf 91' lang='lat' dir='ltr'>pl.</span> <span class='ocrx_word' id='word_1_83' title='bbox 2456 2604 2824 2689; x_wconf 83' lang='lat' dir='ltr'>occidisset,</span> <span class='ocrx_word' id='word_1_84' title='bbox 2895 2627 2938 2671; x_wconf 88' lang='lat' dir='ltr'>a</span> 
     </span>
     <span class='ocr_line' id='line_1_11' title="bbox 483 2700 2936 2806; baseline 0 -21"><span class='ocrx_word' id='word_1_85' title='bbox 483 2720 555 2785; x_wconf 83' lang='lat' dir='ltr'>T.</span> <span class='ocrx_word' id='word_1_86' title='bbox 603 2720 899 2786; x_wconf 84' lang='lat' dir='ltr'>Labieno</span> <span class='ocrx_word' id='word_1_87' title='bbox 958 2741 1145 2785; x_wconf 90' lang='lat' dir='ltr'>reum</span> <span class='ocrx_word' id='word_1_88' title='bbox 1204 2718 1462 2784; x_wconf 89' lang='lat' dir='ltr'>factum</span> <span class='ocrx_word' id='word_1_89' title='bbox 1521 2700 1806 2806; x_wconf 87' lang='lat' dir='ltr'>primum</span> <span class='ocrx_word' id='word_1_90' title='bbox 1866 2740 1909 2784; x_wconf 91' lang='lat' dir='ltr'>a</span> <span class='ocrx_word' id='word_1_91' title='bbox 1956 2719 2029 2799; x_wconf 95' lang='lat' dir='ltr'>Q.</span> <span class='ocrx_word' id='word_1_92' title='bbox 2071 2719 2427 2786; x_wconf 89' lang='lat' dir='ltr'>Hortensio</span> <span class='ocrx_word' id='word_1_93' title='bbox 2474 2720 2773 2802; x_wconf 87' lang='lat' dir='ltr'>Horta10,</span> <span class='ocrx_word' id='word_1_94' title='bbox 2823 2721 2936 2806; x_wconf 92' lang='lat' dir='ltr'>qui</span> 
     </span>
     <span class='ocr_line' id='line_1_12' title="bbox 482 2835 2937 2919; baseline 0 -19"><span class='ocrx_word' id='word_1_95' title='bbox 482 2837 553 2900; x_wconf 91' lang='lat' dir='ltr'>in</span> <span class='ocrx_word' id='word_1_96' title='bbox 599 2835 902 2901; x_wconf 86' lang='lat' dir='ltr'>Scaevam</span> <span class='ocrx_word' id='word_1_97' title='bbox 950 2835 1020 2915; x_wconf 91' lang='lat' dir='ltr'>Q.</span> <span class='ocrx_word' id='word_1_98' title='bbox 1064 2835 1366 2901; x_wconf 89' lang='lat' dir='ltr'>Crotonis</span> <span class='ocrx_word' id='word_1_99' title='bbox 1421 2856 1689 2901; x_wconf 90' lang='lat' dir='ltr'>servum</span> <span class='ocrx_word' id='word_1_100' title='bbox 1737 2836 1982 2900; x_wconf 82' lang='lat' dir='ltr'>crimen</span> <span class='ocrx_word' id='word_1_101' title='bbox 2032 2838 2110 2901; x_wconf 85' lang='lat' dir='ltr'>ut</span> <span class='ocrx_word' id='word_1_102' title='bbox 2156 2835 2567 2919; x_wconf 87' lang='lat' dir='ltr'>transferret,</span> <span class='ocrx_word' id='word_1_103' title='bbox 2617 2835 2937 2902; x_wconf 87' lang='lat' dir='ltr'>studebat</span> 
     </span>
     <span class='ocr_line' id='line_1_13' title="bbox 485 2949 2937 3039; baseline 0 -23"><span class='ocrx_word' id='word_1_104' title='bbox 485 2949 588 3038; x_wconf 89' lang='lat' dir='ltr'>(cf.</span> <span class='ocrx_word' id='word_1_105' title='bbox 621 2972 735 3038; x_wconf 93' lang='lat' dir='ltr'>pro</span> <span class='ocrx_word' id='word_1_106' title='bbox 783 2951 952 3017; x_wconf 87' lang='lat' dir='ltr'>Rab.</span> <span class='ocrx_word' id='word_1_107' title='bbox 988 2949 1028 3037; x_wconf 66' lang='grc' dir='ltr'><strong>ἓ</strong></span> <span class='ocrx_word' id='word_1_108' title='bbox 1067 2952 1167 3017; x_wconf 88' lang='grc'>18.</span> <span class='ocrx_word' id='word_1_109' title='bbox 1203 2951 1332 3039; x_wconf 81' lang='lat'>31),</span> <span class='ocrx_word' id='word_1_110' title='bbox 1368 2949 1602 3016; x_wconf 89' lang='lat' dir='ltr'>deinde</span> <span class='ocrx_word' id='word_1_111' title='bbox 1635 2972 1677 3016; x_wconf 88' lang='lat' dir='ltr'>a</span> <span class='ocrx_word' id='word_1_112' title='bbox 1710 2950 2017 3017; x_wconf 84' lang='lat' dir='ltr'>Cicerone</span> <span class='ocrx_word' id='word_1_113' title='bbox 2050 2952 2197 3038; x_wconf 89' lang='lat' dir='ltr'>ipsa</span> <span class='ocrx_word' id='word_1_114' title='bbox 2218 2950 2335 3016; x_wconf 92' lang='lat' dir='ltr'>illa</span> <span class='ocrx_word' id='word_1_115' title='bbox 2368 2951 2687 3035; x_wconf 90' lang='lat' dir='ltr'>oratione,</span> <span class='ocrx_word' id='word_1_116' title='bbox 2732 2972 2937 3037; x_wconf 89' lang='lat' dir='ltr'>quam</span> 
     </span>
     <span class='ocr_line' id='line_1_14' title="bbox 482 3064 1776 3149; baseline 0.001 -18"><span class='ocrx_word' id='word_1_117' title='bbox 482 3066 790 3132; x_wconf 88' lang='lat' dir='ltr'>mutilam</span> <span class='ocrx_word' id='word_1_118' title='bbox 836 3069 1163 3149; x_wconf 90' lang='lat' dir='ltr'>tenemus,</span> <span class='ocrx_word' id='word_1_119' title='bbox 1214 3064 1559 3131; x_wconf 88' lang='lat' dir='ltr'>defensum</span> <span class='ocrx_word' id='word_1_120' title='bbox 1608 3087 1776 3132; x_wconf 89' lang='lat' dir='ltr'>esse.</span> 
     </span>
    </p>

    <p class='ocr_par' dir='ltr' id='par_1_5' title="bbox 478 3181 2936 4541">
     <span class='ocr_line' id='line_1_15' title="bbox 695 3181 2935 3265; baseline 0 -19"><span class='ocrx_word' id='word_1_121' title='bbox 695 3182 858 3248; x_wconf 91' lang='lat' dir='ltr'>Post</span> <span class='ocrx_word' id='word_1_122' title='bbox 902 3181 1285 3248; x_wconf 87' lang='lat' dir='ltr'>absolutam</span> <span class='ocrx_word' id='word_1_123' title='bbox 1331 3182 1532 3265; x_wconf 85' lang='lat' dir='ltr'>igitur</span> <span class='ocrx_word' id='word_1_124' title='bbox 1579 3204 1622 3248; x_wconf 88' lang='lat' dir='ltr'>a</span> <span class='ocrx_word' id='word_1_125' title='bbox 1667 3182 1737 3262; x_wconf 92' lang='lat' dir='ltr'>Q.</span> <span class='ocrx_word' id='word_1_126' title='bbox 1772 3182 2128 3248; x_wconf 90' lang='lat' dir='ltr'>Hortensio</span> <span class='ocrx_word' id='word_1_127' title='bbox 2173 3181 2626 3248; x_wconf 86' lang='lat' dir='ltr'>defensionem</span> <span class='ocrx_word' id='word_1_128' title='bbox 2671 3182 2935 3248; x_wconf 87' lang='lat' dir='ltr'>Rabiri-</span> 
     </span>
     <span class='ocr_line' id='line_1_16' title="bbox 484 3297 2936 3384; baseline 0 -22"><span class='ocrx_word' id='word_1_129' title='bbox 484 3318 610 3382; x_wconf 90' lang='lat' dir='ltr'>que</span> <span class='ocrx_word' id='word_1_130' title='bbox 643 3297 1091 3363; x_wconf 85' lang='lat' dir='ltr'>innocentiam</span> <span class='ocrx_word' id='word_1_131' title='bbox 1124 3298 1495 3384; x_wconf 92' lang='lat' dir='ltr'>probatam,</span> <span class='ocrx_word' id='word_1_132' title='bbox 1528 3298 1771 3363; x_wconf 90' lang='lat' dir='ltr'>iterum</span> <span class='ocrx_word' id='word_1_133' title='bbox 1803 3297 1890 3363; x_wconf 90' lang='lat' dir='ltr'>ad</span> <span class='ocrx_word' id='word_1_134' title='bbox 1921 3298 2266 3364; x_wconf 88' lang='lat' dir='ltr'>Saturnini</span> <span class='ocrx_word' id='word_1_135' title='bbox 2298 3320 2527 3365; x_wconf 91' lang='lat' dir='ltr'>necem</span> <span class='ocrx_word' id='word_1_136' title='bbox 2560 3299 2936 3365; x_wconf 83' lang='lat' dir='ltr'>Ciceronem</span> 
     </span>
     <span class='ocr_line' id='line_1_17' title="bbox 481 3411 2932 3499; baseline 0.001 -22"><span class='ocrx_word' id='word_1_137' title='bbox 481 3411 709 3495; x_wconf 87' lang='lat' dir='ltr'>redire,</span> <span class='ocrx_word' id='word_1_138' title='bbox 772 3413 903 3478; x_wconf 91' lang='lat' dir='ltr'>nisi</span> <span class='ocrx_word' id='word_1_139' title='bbox 970 3413 1110 3499; x_wconf 90' lang='lat' dir='ltr'>ipse</span> <span class='ocrx_word' id='word_1_140' title='bbox 1180 3413 1308 3478; x_wconf 91' lang='lat' dir='ltr'>hac</span> <span class='ocrx_word' id='word_1_141' title='bbox 1372 3412 1451 3478; x_wconf 90' lang='lat' dir='ltr'>de</span> <span class='ocrx_word' id='word_1_142' title='bbox 1511 3435 1580 3479; x_wconf 93' lang='lat' dir='ltr'>re</span> <span class='ocrx_word' id='word_1_143' title='bbox 1641 3414 1851 3479; x_wconf 88' lang='lat' dir='ltr'>verba</span> <span class='ocrx_word' id='word_1_144' title='bbox 1908 3412 2199 3497; x_wconf 85' lang='lat' dir='ltr'>fecisset,</span> <span class='ocrx_word' id='word_1_145' title='bbox 2265 3413 2464 3480; x_wconf 87' lang='lat' dir='ltr'>valde</span> <span class='ocrx_word' id='word_1_146' title='bbox 2525 3414 2932 3479; x_wconf 89' lang='lat' dir='ltr'>miraremur.</span> 
     </span>
     <span class='ocr_line' id='line_1_18' title="bbox 483 3527 2936 3616; baseline 0 -23"><span class='ocrx_word' id='word_1_147' title='bbox 483 3527 901 3615; x_wconf 89' lang='lat' dir='ltr'>Quamquam</span> <span class='ocrx_word' id='word_1_148' title='bbox 971 3528 1165 3606; x_wconf 86' lang='lat' dir='ltr'>enim,</span> <span class='ocrx_word' id='word_1_149' title='bbox 1237 3531 1317 3593; x_wconf 91' lang='lat' dir='ltr'>ut</span> <span class='ocrx_word' id='word_1_150' title='bbox 1385 3529 1747 3615; x_wconf 74' lang='lat' dir='ltr'>saepissime</span> <span class='ocrx_word' id='word_1_151' title='bbox 1806 3529 1967 3595; x_wconf 86' lang='lat' dir='ltr'>fecit</span> <span class='ocrx_word' id='word_1_152' title='bbox 2027 3527 2263 3616; x_wconf 87' lang='lat' dir='ltr'>(affero</span> <span class='ocrx_word' id='word_1_153' title='bbox 2326 3552 2427 3596; x_wconf 87' lang='lat' dir='ltr'>ex.</span> <span class='ocrx_word' id='word_1_154' title='bbox 2490 3551 2581 3613; x_wconf 87' lang='lat' dir='ltr'>gr.</span> <span class='ocrx_word' id='word_1_155' title='bbox 2643 3529 2936 3594; x_wconf 83' lang='lat' dir='ltr'>Murenae</span> 
     </span>
     <span class='ocr_line' id='line_1_19' title="bbox 484 3642 2935 3730; baseline 0 -22"><span class='ocrx_word' id='word_1_156' title='bbox 484 3665 757 3709; x_wconf 89' lang='lat' dir='ltr'>causam</span> <span class='ocrx_word' id='word_1_157' title='bbox 805 3642 845 3730; x_wconf 66' lang='grc' dir='ltr'><strong>ἓ</strong></span> <span class='ocrx_word' id='word_1_158' title='bbox 891 3645 1026 3728; x_wconf 85' lang='grc'>48),</span> <span class='ocrx_word' id='word_1_159' title='bbox 1092 3644 1297 3709; x_wconf 89' lang='lat' dir='ltr'>etiam</span> <span class='ocrx_word' id='word_1_160' title='bbox 1343 3644 1413 3709; x_wconf 88' lang='lat' dir='ltr'>in</span> <span class='ocrx_word' id='word_1_161' title='bbox 1459 3647 1691 3710; x_wconf 87' lang='lat' dir='ltr'>nostra</span> <span class='ocrx_word' id='word_1_162' title='bbox 1739 3667 1947 3711; x_wconf 89' lang='lat' dir='ltr'>causa</span> <span class='ocrx_word' id='word_1_163' title='bbox 1993 3645 2227 3711; x_wconf 87' lang='lat' dir='ltr'>ultimo</span> <span class='ocrx_word' id='word_1_164' title='bbox 2275 3645 2416 3712; x_wconf 92' lang='lat' dir='ltr'>loco</span> <span class='ocrx_word' id='word_1_165' title='bbox 2466 3644 2643 3728; x_wconf 87' lang='lat' dir='ltr'>dicit,</span> <span class='ocrx_word' id='word_1_166' title='bbox 2706 3648 2935 3710; x_wconf 88' lang='lat' dir='ltr'>tamen</span> 
     </span>
     <span class='ocr_line' id='line_1_20' title="bbox 481 3758 2933 3846; baseline 0.001 -23"><span class='ocrx_word' id='word_1_167' title='bbox 481 3780 615 3824; x_wconf 91' lang='lat' dir='ltr'>non</span> <span class='ocrx_word' id='word_1_168' title='bbox 664 3758 879 3824; x_wconf 94' lang='lat' dir='ltr'>solum</span> <span class='ocrx_word' id='word_1_169' title='bbox 925 3780 1246 3845; x_wconf 88' lang='lat' dir='ltr'>perorare,</span> <span class='ocrx_word' id='word_1_170' title='bbox 1297 3759 1415 3825; x_wconf 90' lang='lat' dir='ltr'>sed</span> <span class='ocrx_word' id='word_1_171' title='bbox 1446 3760 1724 3826; x_wconf 89' lang='lat' dir='ltr'>Labieni</span> <span class='ocrx_word' id='word_1_172' title='bbox 1771 3760 2106 3846; x_wconf 90' lang='lat' dir='ltr'>quoddam</span> <span class='ocrx_word' id='word_1_173' title='bbox 2144 3764 2611 3844; x_wconf 82' lang='lat' dir='ltr'>argumentum</span> <span class='ocrx_word' id='word_1_174' title='bbox 2642 3760 2933 3826; x_wconf 85' lang='lat' dir='ltr'>refutare</span> 
     </span>
     <span class='ocr_line' id='line_1_21' title="bbox 480 3874 2933 3964; baseline 0 -24"><span class='ocrx_word' id='word_1_175' title='bbox 480 3874 763 3941; x_wconf 86' lang='lat' dir='ltr'>videtur.</span> <span class='ocrx_word' id='word_1_176' title='bbox 855 3875 1076 3960; x_wconf 91' lang='lat' dir='ltr'>Atque</span> <span class='ocrx_word' id='word_1_177' title='bbox 1138 3875 1377 3959; x_wconf 86' lang='lat' dir='ltr'>agitur,</span> <span class='ocrx_word' id='word_1_178' title='bbox 1441 3875 1807 3942; x_wconf 90' lang='lat' dir='ltr'>secundum</span> <span class='ocrx_word' id='word_1_179' title='bbox 1865 3877 2075 3964; x_wconf 92' lang='lat' dir='ltr'>ipsius</span> <span class='ocrx_word' id='word_1_180' title='bbox 2122 3878 2348 3960; x_wconf 88' lang='lat' dir='ltr'>verba,</span> <span class='ocrx_word' id='word_1_181' title='bbox 2400 3876 2479 3943; x_wconf 90' lang='lat' dir='ltr'>de</span> <span class='ocrx_word' id='word_1_182' title='bbox 2533 3877 2933 3962; x_wconf 81' lang='lat' dir='ltr'>„firmissimo</span> 
     </span>
     <span class='ocr_line' id='line_1_22' title="bbox 480 3990 2931 4079; baseline 0 -24"><span class='ocrx_word' id='word_1_183' title='bbox 480 3995 571 4057; x_wconf 81' lang='lat' dir='ltr'>rei</span> <span class='ocrx_word' id='word_1_184' title='bbox 596 3990 864 4073; x_wconf 70' lang='lat' dir='ltr'>publicae</span> <span class='ocrx_word' id='word_1_185' title='bbox 896 3993 1263 4073; x_wconf 76' lang='lat' dir='ltr'>praesidio“,</span> <span class='ocrx_word' id='word_1_186' title='bbox 1318 3991 1520 4057; x_wconf 91' lang='lat' dir='ltr'>immo</span> <span class='ocrx_word' id='word_1_187' title='bbox 1578 3990 1657 4057; x_wconf 97' lang='lat' dir='ltr'>de</span> <span class='ocrx_word' id='word_1_188' title='bbox 1714 3992 1863 4079; x_wconf 89' lang='lat' dir='ltr'>ipsa</span> <span class='ocrx_word' id='word_1_189' title='bbox 1908 4014 1977 4058; x_wconf 90' lang='lat' dir='ltr'>re</span> <span class='ocrx_word' id='word_1_190' title='bbox 2022 3992 2318 4079; x_wconf 83' lang='lat' dir='ltr'>publica3</span> <span class='ocrx_word' id='word_1_191' title='bbox 2380 3991 2556 4077; x_wconf 91' lang='lat' dir='ltr'>quod</span> <span class='ocrx_word' id='word_1_192' title='bbox 2618 3990 2776 4077; x_wconf 89' lang='lat' dir='ltr'>quid</span> <span class='ocrx_word' id='word_1_193' title='bbox 2822 3991 2931 4074; x_wconf 88' lang='lat' dir='ltr'>sit,</span> 
     </span>
     <span class='ocr_line' id='line_1_23' title="bbox 480 4105 2932 4193; baseline 0.001 -24"><span class='ocrx_word' id='word_1_194' title='bbox 480 4105 687 4191; x_wconf 92' lang='lat' dir='ltr'>primo</span> <span class='ocrx_word' id='word_1_195' title='bbox 750 4106 994 4172; x_wconf 89' lang='lat' dir='ltr'>obtutu</span> <span class='ocrx_word' id='word_1_196' title='bbox 1061 4110 1286 4193; x_wconf 88' lang='lat' dir='ltr'>aperte</span> <span class='ocrx_word' id='word_1_197' title='bbox 1343 4108 1704 4190; x_wconf 87' lang='lat' dir='ltr'>significari</span> <span class='ocrx_word' id='word_1_198' title='bbox 1765 4107 2049 4175; x_wconf 89' lang='lat' dir='ltr'>videtur.</span> <span class='ocrx_word' id='word_1_199' title='bbox 2151 4109 2482 4174; x_wconf 90' lang='lat' dir='ltr'>Acerrime</span> <span class='ocrx_word' id='word_1_200' title='bbox 2544 4108 2721 4173; x_wconf 89' lang='lat' dir='ltr'>enim</span> <span class='ocrx_word' id='word_1_201' title='bbox 2780 4105 2932 4171; x_wconf 90' lang='lat' dir='ltr'>inde</span> 
     </span>
     <span class='ocr_line' id='line_1_24' title="bbox 481 4219 2933 4307; baseline 0 -22"><span class='ocrx_word' id='word_1_202' title='bbox 481 4242 523 4285; x_wconf 89' lang='lat' dir='ltr'>a</span> <span class='ocrx_word' id='word_1_203' title='bbox 583 4219 623 4307; x_wconf 66' lang='grc' dir='ltr'><strong>ἓ</strong></span> <span class='ocrx_word' id='word_1_204' title='bbox 685 4222 773 4287; x_wconf 83' lang='grc'>20</span> <span class='ocrx_word' id='word_1_205' title='bbox 833 4243 1045 4307; x_wconf 92' lang='lat' dir='ltr'>usque</span> <span class='ocrx_word' id='word_1_206' title='bbox 1107 4222 1193 4287; x_wconf 89' lang='lat' dir='ltr'>ad</span> <span class='ocrx_word' id='word_1_207' title='bbox 1252 4223 1458 4289; x_wconf 89' lang='lat' dir='ltr'>finem</span> <span class='ocrx_word' id='word_1_208' title='bbox 1525 4224 1846 4290; x_wconf 88' lang='lat' dir='ltr'>orationis</span> <span class='ocrx_word' id='word_1_209' title='bbox 1909 4223 2128 4290; x_wconf 91' lang='lat' dir='ltr'>Cicero</span> <span class='ocrx_word' id='word_1_210' title='bbox 2190 4222 2259 4288; x_wconf 90' lang='lat' dir='ltr'>id</span> <span class='ocrx_word' id='word_1_211' title='bbox 2320 4221 2567 4306; x_wconf 90' lang='lat' dir='ltr'>studet,</span> <span class='ocrx_word' id='word_1_212' title='bbox 2629 4225 2708 4288; x_wconf 89' lang='lat' dir='ltr'>ut</span> <span class='ocrx_word' id='word_1_213' title='bbox 2765 4222 2933 4286; x_wconf 90' lang='lat' dir='ltr'>iure</span> 
     </span>
     <span class='ocr_line' id='line_1_25' title="bbox 478 4335 2932 4424; baseline 0 -23"><span class='ocrx_word' id='word_1_214' title='bbox 478 4335 922 4402; x_wconf 89' lang='lat' dir='ltr'>Rabirium</span> <span class='ocrx_word' id='word_1_215' title='bbox 968 4337 1598 4424; x_wconf 89' lang='lat' dir='ltr'>imperantibus</span> <span class='ocrx_word' id='word_1_216' title='bbox 1647 4338 2157 4405; x_wconf 91' lang='lat' dir='ltr'>consulibus</span> <span class='ocrx_word' id='word_1_217' title='bbox 2215 4360 2444 4404; x_wconf 89' lang='lat' dir='ltr'>arma</span> <span class='ocrx_word' id='word_1_218' title='bbox 2498 4338 2932 4424; x_wconf 89' lang='lat' dir='ltr'>sumpsisse</span> 
     </span>
     <span class='ocr_line' id='line_1_26' title="bbox 479 4452 2933 4541; baseline 0 -24"><span class='ocrx_word' id='word_1_219' title='bbox 479 4452 736 4537; x_wconf 82' lang='lat' dir='ltr'>probet3</span> <span class='ocrx_word' id='word_1_220' title='bbox 798 4452 1220 4518; x_wconf 88' lang='lat' dir='ltr'>adversarius</span> <span class='ocrx_word' id='word_1_221' title='bbox 1289 4453 1509 4538; x_wconf 85' lang='lat' dir='ltr'>igitur,</span> <span class='ocrx_word' id='word_1_222' title='bbox 1581 4454 1758 4540; x_wconf 90' lang='lat' dir='ltr'>quod</span> <span class='ocrx_word' id='word_1_223' title='bbox 1825 4454 2134 4541; x_wconf 88' lang='lat' dir='ltr'>permulti</span> <span class='ocrx_word' id='word_1_224' title='bbox 2194 4453 2322 4520; x_wconf 94' lang='lat' dir='ltr'>loci</span> <span class='ocrx_word' id='word_1_225' title='bbox 2381 4454 2801 4536; x_wconf 85' lang='lat' dir='ltr'>confirmant,</span> <span class='ocrx_word' id='word_1_226' title='bbox 2865 4452 2933 4517; x_wconf 89' lang='lat' dir='ltr'>id</span> 
     </span>
    </p>
   </div>
  </div>
 </body>
</html>
