3485 5069
1562 319 1917 372 „33—

511 500 708 562 tenus
757 500 1127 581 sequuntur
1173 517 1387 580 neque
1434 495 1669 561 inutile
1713 500 1818 561 est
1849 497 2188 582 inspicere,
2240 520 2369 582 quo
2404 519 2660 584 semper
2693 500 2964 565 consilio

511 616 579 678 et
623 612 731 678 hic
776 617 845 679 et
888 612 997 676 ille
1044 611 1359 677 recedant
1404 612 1489 676 ab
1538 633 1614 677 eo
1663 615 1788 677 aut
1834 634 1967 677 non
2013 612 2345 679 recedant.
2406 614 2691 680 Notetur
2737 619 2964 681 autem

509 730 617 794 hic
660 729 812 794 fons
875 727 1038 810 siglo
1087 750 1151 810 x,
1211 727 1369 791 dum
1415 732 1676 794 rectene
1724 727 2154 794 Posidonium
2201 751 2354 794 eum
2403 751 2548 795 esse
2605 729 2967 797 contendat

511 845 852 911 Busoltius
918 844 1352 931 (Jahrbiicher
1409 842 1518 908 fiir
1576 843 1940 927 Philologie
2001 844 2140 910 und
2201 844 2584 929 Padagogik
2646 847 2762 912 Bd.
2817 849 2961 931 141,

511 983 612 1048 pg.
650 962 773 1025 341
813 960 936 1047 sq.)
985 981 1210 1042 necne,
1261 964 1667 1045 compertum
1716 960 2110 1026 habeamus,

723 1076 993 1141 Initium
1041 1075 1241 1157 igitur
1277 1074 1605 1140 faciamus
1653 1074 1738 1139 ab
1789 1074 1870 1140 iis
1918 1074 2098 1158 lociS,
2148 1076 2492 1160 inquibus
2525 1079 2736 1143 nostri
2767 1078 2963 1165 plane

512 1197 912 1277 congruunt3
975 1214 1142 1277 quos
1202 1193 1474 1257 remotis
1534 1191 2101 1258 intercedentibus
2165 1192 2567 1259 narrationis
2637 1194 2961 1280 partibUS,

512 1332 660 1396 quae
722 1309 1146 1390 dissentiunt,
1204 1309 1303 1373 ita
1363 1309 1863 1391 coniungamus,
1915 1312 1992 1374 ut
2039 1313 2426 1375 contextum
2474 1331 2671 1394 quem
2716 1313 2965 1376 vocant

510 1424 794 1508 logicum
840 1424 1213 1510 praebeant3
1262 1428 1407 1489 tum
1455 1445 1603 1488 cum
1649 1424 1837 1489 fonte
1887 1425 2238 1508 communi,
2287 1425 2415 1490 hac
2451 1427 2583 1509 via,
2634 1431 2962 1510 quantum

511 1540 683 1623 licet,
732 1543 1116 1626 recuperato
1165 1543 1468 1605 auctores
1511 1543 1813 1605 servatos
1849 1561 2323 1626 comparemus.
2420 1541 2759 1621 Quantum
2804 1542 2963 1608 fidei

510 1656 839 1723 historicae
887 1657 982 1721 eis
1013 1654 1440 1721 tribuendum
1472 1656 1579 1739 sit,
1627 1656 1883 1721 interea
1914 1656 1983 1720 in
2015 1657 2263 1722 incerto
2296 1657 2753 1741 relinquimus3
2801 1658 2962 1723 illud

513 1776 740 1839 autem
776 1773 916 1836 iure
949 1775 1409 1858 praesumatur,
1448 1771 1656 1837 fontis
1689 1793 1733 1836 x
1767 1775 2080 1837 naturam
2128 1794 2170 1837 a
2203 1772 2629 1859 scriptoribus
2678 1774 2963 1839 servatis

510 1889 890 1954 recessisse:
970 1888 1207 1973 quippe
1284 1886 1468 1952 facta
1536 1908 1714 1952 nunc
1782 1889 2171 1953 inconcinne
2246 1887 2570 1974 disposita
2646 1892 2715 1955 et
2789 1889 2963 1955 male

513 2004 911 2070 cohaerentia
981 2008 1328 2068 auctorum
1398 2002 1539 2067 sive
1606 2002 1828 2068 studio
1892 2004 2034 2069 sive
2097 2003 2516 2087 neglegentia
2586 2027 2680 2070 ex
2748 2006 2961 2071 anti-

513 2120 783 2205 quiore
844 2119 1310 2184 narratione
1373 2118 1755 2184 continua
1804 2118 2173 2205 depravata
2222 2142 2388 2203 esse,
2454 2120 2808 2186 dummodo
2854 2143 2961 2187 ra-

511 2235 727 2301 tiones
760 2234 1202 2316 attulerimus,
1251 2255 1445 2299 nemo
1478 2234 1769 2316 negabit.
1841 2235 2187 2300 Praeeunte
2219 2234 2420 2317 igitur
2452 2236 2749 2302 Busoltio
2783 2236 2961 2303 locos

515 2354 948 2434 congruentes
997 2349 1448 2415 adscribemus
1468 2351 1535 2433 ¹):

724 2466 885 2531 Cum
911 2465 1154 2531 Metelli
1185 2466 1566 2531 constantia
1591 2465 1885 2531 confisus
1913 2465 2108 2554 (Plut.
2137 2488 2188 2531 c.
2211 2467 2517 2551 29,T01n.
2544 2467 2615 2550 ΙΙ,
2642 2490 2746 2556 pg.
2766 2469 2961 2552 361ss

510 2581 614 2649 τὸν
660 2583 726 2649 δὲ
771 2584 1081 2650 Μέτελλον
1127 2577 1300 2659 εἰδὼς
1338 2584 1589 2669 βέβαιον
1637 2580 1829 2668 ἄνδρα
1887 2612 1975 2639 =
2036 2585 2201 2669 App.
2237 2583 2283 2665 Ι,
2335 2585 2439 2667 30,
2479 2586 2642 2650 135:
2705 2584 2814 2651 καὶ
2858 2580 2963 2651 τὸν

513 2701 818 2766 Μέτελλον
850 2694 1022 2774 εἰδώς
1053 2696 1293 2783 στερρόν
1316 2723 1386 2763 τε
1416 2702 1499 2785 τῇ
1525 2696 1739 2784 γνώμῃ
1766 2696 1875 2763 καί
1900 2700 2161 2786 βέβαιον)
2202 2698 2451 2765 Marius
2482 2700 2758 2767 insidias
2792 2722 2960 2766 com·

510 2817 793 2901 pararet,
844 2813 1034 2880 dolus
1083 2813 1404 2879 eiusmodi
1453 2815 1512 2879 ei
1560 2814 2040 2897 excogitandus
2088 2818 2250 2898 erat,
2308 2819 2387 2881 ut
2432 2815 2519 2881 ad
2564 2818 2962 2903 promissum

513 2929 968 2996 adversarium
1000 2927 1375 3012 adduceret,
1425 2928 1602 3013 quod
1634 2930 1690 2994 si
1723 2933 2118 3011 servaretur,
2159 2969 2237 2977 —
2273 2952 2408 2996 non
2440 2953 2702 2997 servare
2736 2937 2964 2998 autem

513 3045 892 3111 constantia
923 3045 1370 3130 promittentis
1402 3046 1704 3128 vetabat,
1761 3088 1835 3095 —
1888 3047 2231 3111 interitum
2265 3048 2324 3112 ei
2358 3047 2648 3113 afferret.
2729 3048 2963 3132 Itaque

462 3215 465 3218 .
511 3161 652 3243 lege
716 3159 1044 3246 Appuleia
1106 3159 1370 3225 decreta
1428 3161 1646 3245 ipsum
1691 3161 1975 3226 Marium
2038 3184 2183 3228 sese
2244 3164 2303 3227 ei
2352 3164 2962 3249 obtemperaturum

511 3297 792 3359 negasse
823 3276 1300 3359 rationemque,
1343 3298 1456 3340 cur
1487 3276 1585 3342 ita
1623 3278 1919 3358 sentiret,
1956 3279 2264 3344 omnibus
2296 3279 2703 3365 probabilem
2735 3283 2961 3366 protu-

511 3392 687 3474 lisse,
738 3396 815 3457 ut
861 3397 1138 3457 senatus
1185 3390 1360 3456 idem
1407 3396 1736 3458 statueret
1783 3415 1997 3477 neque
2036 3395 2244 3480 ipsius
2285 3396 2576 3481 opinioni
2612 3395 2816 3461 fidem
2850 3395 2961 3461 d'e-

511 3508 823 3589 traheret,
883 3508 1025 3572 sine
1082 3506 1281 3572 dubio
1330 3508 1400 3571 in
1444 3507 1630 3573 fonte
1678 3531 1723 3572 x
1771 3511 2189 3576 narrabatur.
2280 3510 2663 3576 Clausulam
2709 3534 2866 3577 vero
2922 3535 2964 3578 a

509 3621 717 3688 Mario
787 3627 1022 3709 postea
1090 3624 1161 3687 in
1230 3623 1650 3689 iureiurando
1722 3623 2096 3690 adhibitam
2159 3647 2292 3710 qua
2354 3628 2758 3692 sententiam
2816 3649 2964 3712 quae

513 3739 934 3804 senatoribus
982 3739 1343 3825 placuerat,
1396 3739 1684 3824 quodam
1730 3740 1924 3807 modo
1974 3742 2268 3808 retinens
2316 3744 2759 3809 mutationem
2807 3765 2962 3809 con-

511 3853 640 3918 silii
687 3854 908 3919 minus
956 3876 1260 3941 asperam
1314 3854 1633 3939 redderet,
1699 3877 1733 3920 e
1782 3856 2122 3922 Plutarchi
2169 3858 2586 3944 Appianique
2636 3881 2964 3925 consensu

512 3970 888 4054 repetimus.
984 3970 1178 4056 (Plut.
1214 3993 1274 4057 p.
1311 3971 1459 4054 361,
1495 3973 1580 4035 22
1626 3968 1792 4058 εἴπερ
1825 3970 1954 4038 ἔστι
1983 3971 2168 4059 νόμος
2212 4004 2300 4030 =
2332 3976 2494 4060 App.
2536 3976 2662 4039 136
2710 3966 2750 4059 ᾖ
2784 3973 2965 4061 νόμος

730 4181 769 4248 ¹)
807 4182 962 4235 Locis
1001 4183 1338 4236 Plutarcheis
1387 4201 1413 4237 e
1461 4186 1571 4238 vita
1609 4186 1751 4239 Mari
1791 4188 2016 4254 sumptis
2061 4187 2270 4239 numeri
2309 4190 2630 4254 paginarum
2680 4189 2963 4242 linearum-

512 4285 614 4335 que
664 4268 914 4323 editionis
969 4271 1367 4325 Teubnerianae
1416 4289 1446 4325 a
1500 4275 1556 4328 C.
1599 4274 1835 4328 Sintenis
1893 4282 2111 4341 curatae,
2172 4278 2470 4343 Appianeis
2528 4278 2788 4331 bellorum
2841 4280 2964 4331 civi-

513 4359 643 4410 lium
694 4359 726 4410 1.
769 4359 793 4410 I
844 4361 1174 4428 paragraphi
1225 4361 1474 4414 editionis
1525 4363 2056 4417 Mendelssohnianae
2110 4381 2142 4417 a
2181 4365 2466 4419 Viereckio
2517 4368 2727 4419 iterat-ae
2779 4368 2960 4434 (1905)

511 4446 721 4500 adiecta
760 4456 899 4500 sunt.

2786 4561 2820 4614 3
