3485 5069
1588 360 1940 413 -12—

538 535 910 622 exemplum
961 536 1025 602 S.
1062 537 1127 602 Ο.
1162 537 1231 601 in
1279 536 1700 603 Catilinarios
1740 537 1921 618 facti,
1973 537 2160 602 cuius
2189 537 2364 602 hanc
2394 536 2748 604 formulam
2780 539 2990 605 fuisse

537 656 832 718 constat:
886 655 1174 735 „videant
1218 655 1511 735 consum,
1557 676 1633 720 ne
1678 657 1828 736 quid
1873 656 2220 719 detrimenti
2263 654 2632 737 respublica
2664 655 2988 743 capiat“.¹)

535 767 749 847 Quam
808 767 1163 834 formulam
1227 790 1375 833 cum
1438 791 1480 834 a
1541 769 1970 855 scriptoribus
2028 769 2248 834 aetatis
2294 770 2675 855 posterioris
2722 772 2988 837 omnino

533 904 648 969 pro
713 884 1021 949 omnibus
1085 884 1410 950 eiusmodi
1453 884 1518 951 S.
1554 885 1673 971 ΟΡ)
1736 883 2108 950 adhibitam
2156 906 2301 950 esse
2347 884 2716 968 videamuS,
2765 891 2992 952 noster

531 999 736 1083 locuS,
787 1001 899 1085 qui
948 1000 1280 1066 diversam
1329 1001 1619 1083 exhibet,
1668 1001 1976 1066 veritatis
2026 1001 2310 1087 speciem
2357 1023 2490 1087 prae
2537 1023 2607 1065 se
2639 1000 2788 1067 sert.
2861 1002 2990 1067 Sed

532 1115 601 1180 in
648 1117 1148 1182 enumeratione
1181 1116 1717 1200 magistratuum,
1769 1138 1935 1201 quae,
1988 1138 2395 1201 quamquam
2436 1138 2569 1182 non
2615 1119 2992 1184 necessaria

535 1233 721 1320 estss),
784 1236 1012 1297 tamen
1073 1254 1577 1318 nonnumquam
1637 1233 1979 1298 invenitur
1996 1233 2062 1319 4),
2129 1233 2393 1298 omissis
2442 1254 2556 1318 pro
2606 1233 2990 1299 consulibus

533 1348 950 1432 tribunisque
999 1352 1157 1414 ante
1197 1352 1511 1435 praetores
1561 1348 1900 1414 collocatis
1949 1349 2167 1414 Cicero
2217 1347 2510 1413 ordinem
2558 1348 2925 1432 legitimum
2947 1351 2989 1436 ⁵)

532 1463 787 1529 turbat:
836 1464 989 1529 inde
1039 1463 1563 1529 concludendum
1626 1468 1749 1548 est,
1810 1486 1943 1529 non
1991 1464 2056 1529 S.
2108 1465 2174 1529 Ο.
2224 1463 2543 1530 traditum
2593 1465 2678 1529 ab
2729 1486 2805 1530 eo
2854 1487 2990 1530 ser-

530 1582 769 1644 vatum
814 1601 959 1645 esse
1010 1579 1126 1645 sed
1173 1581 1429 1664 seriem,
1490 1601 1688 1664 quem
1735 1584 2064 1661 tenemus,
2114 1579 2268 1644 inde
2318 1578 2775 1645 deducendum
2823 1602 2988 1663 esse,

535 1693 710 1778 quod
769 1696 1020 1761 tribuni
1081 1695 1424 1760 Saturnini
1473 1699 1543 1760 et
1588 1695 1887 1781 praetoris
1936 1694 2230 1760 Glauciae
2276 1695 2550 1760 nomina
2594 1695 2720 1761 hoc
2767 1695 2991 1762 ordine

535 1831 792 1897 semper
836 1811 1381 1876 inveniebantur:
1431 1832 1514 1876 ex
1560 1833 1779 1875 rerum
1826 1814 2166 1893 gestarum
2213 1810 2414 1893 igitur
2461 1811 2741 1876 scientia
2773 1812 2991 1878 Cicero

532 1926 967 2008 magistratus
1015 1925 1368 2007 ordinavit,
1435 1925 1610 2012 quod
1658 1947 1733 1991 eo
1784 1925 2046 1991 facilius
2095 1930 2257 2008 erat,
2316 1924 2491 2010 quod
2540 1948 2768 1992 omnes
2816 1928 2991 1992 eius-

532 2041 710 2107 modi
757 2042 821 2107 S.
858 2043 923 2108 Ο.
960 2041 1260 2108 similiter
1308 2042 1896 2107 conscribebantur
1944 2042 2333 2127 (Mommsen
2367 2042 2575 2107 St.-R.
2611 2043 2681 2107 1³
2729 2045 2878 2125 694,
2909 2044 2990 2129 6).

537 2156 725 2236 Quod
770 2179 927 2223 vero
975 2179 1445 2242 nonnusquam
1481 2158 1540 2223 ei
1572 2158 2030 2241 magistratus,
2082 2158 2194 2242 qui
2243 2180 2284 2223 a
2332 2156 2795 2223 seditiosorum
2841 2179 2993 2244 par-

534 2274 716 2339 tibus
781 2275 1079 2356 stabant,
1143 2274 1279 2339 iam
1328 2274 1392 2339 S.
1429 2274 1493 2339 Ο.
1539 2274 1625 2339 ab
1686 2274 1958 2360 imperio
2022 2273 2547 2339 excludebantur
2606 2274 2993 2360 (Mommsen

535 2389 854 2455 St.-R.1³
903 2392 1148 2472 694,1,
1207 2390 1295 2455 III
1345 2391 1559 2477 1244),
1624 2389 1692 2453 id
1750 2393 1897 2455 tum
1960 2411 2094 2454 non
2155 2389 2409 2454 factum
2474 2411 2619 2454 esse
2679 2388 2863 2454 locus
2924 2390 2992 2454 in

535 2505 676 2571 Cat.
725 2505 831 2589 ΙΠ,
885 2507 967 2572 15
1034 2507 1135 2592 „C’.
1175 2508 1524 2585 Glauciam,
1573 2509 1645 2573 de
1692 2529 1810 2589 quo
1861 2508 2017 2573 nihil
2062 2511 2429 2573 nominatim
2476 2509 2780 2573 decretum
2832 2512 2989 2583 erat,

527 2630 859 2705 proetorem
913 2625 1168 2689 Marius
1227 2626 1479 2689 occidit“
1546 2623 1860 2706 ostendit,
1934 2645 2131 2708 quem
2209 2623 2536 2707 quomodo
2616 2622 2991 2688 accuratius

535 2737 957 2824 explicemus,
1011 2738 1288 2804 diversae
1334 2740 1462 2804 viae
1508 2743 1773 2825 patent:

752 2859 807 2920 1.
858 2857 995 2920 Aut
1042 2856 1111 2920 in
1160 2855 1224 2920 S.
1262 2855 1327 2920 Ο.
1361 2876 1477 2941 pro
1526 2855 1910 2920 nominibus
1959 2854 2138 2919 tituli
2186 2855 2704 2937 magistratuum
2751 2853 2992 2918 affere-

533 2971 801 3053 bantur,
860 2971 960 3036 ita
1015 2975 1093 3037 ut
1140 2976 1203 3037 in
1253 2972 1568 3036 tribunum
1602 2973 1696 3054 pl.
1744 2977 1802 3037 et
1835 2977 2173 3053 prcetorem
2220 2970 2425 3035 Mario
2483 2972 2783 3056 potestas
2832 2969 2995 3034 data

535 3087 642 3152 sit.
722 3089 781 3151 A
831 3108 967 3171 qua
1014 3087 1321 3173 opinione
1368 3087 1589 3152 minus
1637 3086 1832 3169 elogii
1879 3087 2088 3152 verba
2136 3086 2223 3172 (Ο.
2258 3086 2305 3151 Ι.
2339 3085 2412 3151 L.
2447 3085 2533 3168 1²,
2580 3108 2641 3171 p.
2683 3086 2829 3172 195)
2878 3086 2993 3150 ab·

752 3294 791 3360 ¹)
831 3293 1186 3346 Concluditur
1237 3308 1303 3345 ex
1355 3294 1470 3358 ipso
1519 3293 1612 3344 illo
1667 3293 1782 3343 loco
1833 3292 1887 3342 in
1944 3291 2060 3343 Cat.
2089 3291 2129 3358 I,
2157 3291 2190 3342 4
2242 3288 2311 3342 cf.
2341 3289 2471 3342 Sall.
2500 3290 2614 3342 Cat.
2644 3288 2764 3355 29,2
2812 3290 2995 3356 paullo

537 3383 696 3434 aliter
734 3383 872 3434 Plut.
903 3382 1011 3434 Cic.
1041 3383 1134 3449 153
1175 3383 1355 3433 Ascon
1396 3398 1447 3447 p.
1475 3383 1508 3435 5
1547 3380 1739 3432 Kiessl.

749 3470 790 3539 ²)
829 3470 895 3526 cf.
935 3472 1040 3525 Cic.
1079 3486 1175 3538 pro
1213 3471 1328 3522 Mil.
1369 3472 1454 3536 70,
1494 3470 1628 3522 Phil.
1657 3470 1722 3537 V,
1750 3470 1837 3536 34,
1878 3469 2010 3521 Caes.
2053 3469 2102 3520 b.
2144 3468 2237 3519 civ.
2280 3469 2322 3534 Ι,
2361 3470 2409 3523 7.
2438 3470 2489 3534 5,
2538 3467 2665 3520 Sall.
2695 3467 2809 3519 Cat.
2837 3466 2922 3533 29,
2944 3466 2994 3532 2,

535 3561 647 3613 Liv.
676 3560 769 3627 VI,
797 3561 881 3628 19,
901 3561 951 3626 3,
992 3560 1117 3612 Tac.
1147 3575 1272 3612 ann.
1301 3560 1394 3626 IV,
1422 3559 1506 3612 19.
1564 3558 1669 3610 Vix
1695 3565 1841 3610 recte
1881 3558 2189 3609 vindicatur
2216 3573 2295 3609 ex,
2325 3573 2401 3622 gr.
2432 3558 2591 3609 annis
2617 3556 2686 3609 83
2713 3556 2915 3622 (Exup.
2939 3556 2993 3619 7)

536 3658 589 3702 et
628 3651 693 3704 77
733 3649 884 3716 (Sall.
925 3656 1057 3702 orat.
1098 3649 1231 3701 Phil.
1273 3649 1375 3715 22),
1417 3646 1647 3701 fortasse
1686 3656 1831 3699 recte
1873 3648 2030 3699 annis
2068 3647 2134 3700 52
2175 3647 2378 3708 (Ascon
2418 3662 2528 3713 arg.
2569 3646 2682 3697 Mil.
2724 3662 2773 3712 p.
2814 3645 2883 3697 29
2909 3644 2994 3710 K„

536 3741 717 3792 Ascon
747 3740 802 3791 in
829 3739 946 3793 Mil.
974 3756 1022 3805 p.
1052 3740 1120 3792 46
1141 3738 1231 3806 Κ.)
1270 3746 1323 3790 et
1348 3738 1418 3790 49
1457 3738 1613 3803 (Caes.
1644 3736 1692 3788 b.
1723 3752 1767 3788 c.
1795 3737 1874 3803 1,5
1904 3761 1969 3780 =
1998 3736 2103 3788 Cic.
2135 3735 2204 3788 ad
2230 3733 2356 3787 fam.
2385 3735 2514 3786 XVI
2542 3735 2625 3801 11,
2648 3734 2698 3801 2,
2736 3735 2851 3785 Liv.
2880 3749 2992 3801 per.

537 3830 679 3895 109).
756 3829 817 3880 In
859 3835 1101 3881 nostrum
1140 3843 1342 3880 annum
1384 3824 1673 3879 formulam
1711 3823 1975 3877 transfert
2014 3830 2153 3877 auct.
2180 3824 2246 3876 de
2274 3825 2369 3875 vir.
2399 3825 2474 3876 ill.
2502 3824 2587 3877 73.

749 3917 792 3986 ³)
830 3918 1197 3971 Dissentiente
1236 3917 1571 3969 Mommseno
1610 3914 1801 3980 (St.-R.
1829 3914 1927 3980 III,
1969 3913 2220 3980 1245,1).

748 4006 793 4074 ⁴¹)
833 4023 878 4060 a.
905 4008 1005 4060 52:
1033 4007 1137 4059 Dio
1163 4006 1389 4073 XXXX,
1415 4006 1501 4071 49,
1528 4006 1575 4057 5.
1618 4005 1814 4055 Ascon.
1843 4018 2048 4069 argum.
2078 4003 2192 4053 Mil.
2221 4020 2271 4068 p.
2301 4001 2370 4053 29
2390 4001 2455 4053 Κ.
2485 4002 2542 4053 in
2568 4001 2737 4052 Milon
2765 4018 2814 4067 p.
2836 4000 2907 4052 46
2927 3998 2992 4051 Κ.

536 4097 644 4149 Cic.
672 4097 788 4149 Mil.
816 4097 887 4152 70
926 4097 1057 4149 Caes,
1087 4096 1137 4147 b.
1171 4095 1361 4161 g.V11,
1390 4096 1448 4163 13
1488 4110 1537 4146 a.
1566 4093 1635 4145 49
1675 4090 1746 4144 cf.
1776 4094 1919 4145 locos
1959 4107 2122 4158 supra
2160 4091 2423 4143 laudatos,

750 4185 790 4250 ⁵)
828 4185 1041 4252 Optimo
1079 4186 1195 4236 iure
1228 4184 1433 4236 tribuni
1460 4183 1836 4234 nominantur:
1875 4181 2173 4233 Mommsen
2204 4179 2365 4233 St.-R.
2396 4181 2421 4231 Ι
2443 4178 2464 4208 ³
2502 4179 2623 4245 694,
2644 4180 2695 4246 4,
2732 4179 2812 4230 ΙΙΙ
2841 4177 2997 4245 1244,

536 4274 588 4325 ΙΙ
609 4273 629 4304 ³
667 4275 788 4341 315,
827 4274 922 4326 sed.
960 4280 1077 4340 post
1103 4274 1447 4340 magistratus
1473 4272 1697 4338 imperio
1725 4269 2015 4338 fungentes
2042 4270 2295 4322 collocari
2322 4270 2522 4336 solent3
2564 4266 2632 4319 cf.
2661 4268 2804 4320 locos
2831 4282 2995 4334 supra

537 4364 784 4416 laudatos
813 4370 866 4415 et
890 4371 1157 4430 praeterea
1183 4364 1354 4428 legem
1380 4362 1672 4414 Bantinam
1712 4361 1769 4413 C.
1797 4360 1839 4411 I.
1871 4360 1928 4411 L.
1958 4359 2016 4410 1¹
2045 4359 2147 4412 197
2188 4376 2237 4426 p.
2266 4360 2335 4412 45
2363 4360 2397 4410 l.
2428 4358 2520 4424 143
2561 4357 2617 4410 C.
2643 4357 2682 4408 Ι.
2711 4357 2772 4409 L.
2800 4356 2861 4407 1¹
2894 4356 2996 4410 198

537 4469 588 4520 p.
616 4453 686 4507 58
724 4454 752 4522 ξ
791 4452 1041 4520 II.VIII;
1082 4452 1138 4505 C.
1166 4453 1206 4504 Ι.
1236 4452 1297 4504 L.
1325 4451 1387 4502 1¹
1427 4450 1531 4503 206
1570 4468 1620 4517 p.
1651 4449 1757 4503 120
1794 4450 1826 4501 l.
1870 4448 2067 4502 10.11.
2143 4448 2276 4499 Ditt.
2318 4447 2447 4514 Syll.
2490 4446 2554 4498 N.
2597 4446 2700 4498 204
2739 4468 2808 4491 --.-
2845 4445 2997 4496 Vicr-

539 4542 639 4595 eck
676 4558 849 4595 sermo
889 4542 1110 4594 Graecus
1149 4558 1198 4607 p.
1228 4539 1274 4591 2.
