3485 5069
1565 308 1922 361 -46-

518 486 904 566 diviserant,
953 484 1200 551 Italicis
1249 488 1477 550 autem
1525 483 1853 567 suffragia
1898 483 2067 549 ferre
2112 506 2248 550 non
2294 484 2581 551 licebat?
2653 486 2973 566 Quamvis

517 624 710 668 nemo
760 601 1040 682 dubitet,
1074 601 1251 685 ‚quin
1299 599 1734 683 agricolarum
1792 599 2147 686 plurimum
2193 600 2462 686 perferri
2508 601 2720 684 legem
2767 603 2972 668 inter-

517 718 720 783 fuerit
766 738 1126 801 omnesque
1175 738 1216 782 a
1264 715 1577 782 Gracchis
1636 716 1965 797 steterint,
2026 717 2329 802 Appiano
2388 717 2586 803 plane
2633 717 2803 784 fides
2851 719 2972 784 ab·

515 832 813 917 roganda
860 836 981 914 est,
1034 833 1191 918 quia
1238 833 1380 897 sive
1414 832 1592 897 cives
1635 831 1761 896 sub
1803 832 2142 914 „rusticis“
2182 831 2312 898 illis
2346 833 2701 917 significat,
2750 834 2971 921 inepte

518 949 684 1015 duos
744 949 966 1015 fontes
1016 948 1449 1026 contaminat,
1501 948 1662 1030 sive,
1722 946 1901 1031 quod
1947 947 2262 1013 maiorem
2311 970 2393 1013 ex
2440 949 2536 1014 eis
2584 971 2732 1034 quae
2780 955 2970 1016 ante-

518 1064 779 1147 cedunt,
829 1063 1369 1150 probabilitatem
1415 1063 1640 1145 habet,
1699 1063 1966 1129 Italicos
2013 1063 2343 1147 intelligit,
2393 1065 2683 1147 graviter
2741 1070 2973 1152 peccat

518 1181 638 1268 (ita
668 1181 872 1245 etiam
900 1179 1351 1245 Schwartzius
1384 1178 1637 1245 iudicat
1659 1178 1841 1244 Gott.
1871 1179 1992 1262 gel.
2019 1182 2182 1245 ΑΗΖ.
2216 1182 2405 1262 1896,
2440 1202 2544 1266 pg.
2574 1182 2969 1269 800-803).

517 1296 704 1362 Certe
750 1317 907 1361 vero
958 1317 1040 1361 ex
1088 1295 1218 1361 alio
1266 1295 1452 1361 fonte
1495 1294 1818 1378 agricolas
1866 1317 1936 1360 se
1969 1296 2327 1361 inseruisse
2362 1295 2793 1379 demonstrat,
2839 1319 2972 1382 qua

516 1415 584 1478 in
637 1434 707 1477 re
769 1412 1120 1496 antiquam
1180 1412 1582 1477 narrationis
1645 1415 1903 1496 partem
1969 1432 2101 1477 non
2164 1413 2331 1477 satis
2393 1414 2805 1478 retractavit.
2902 1413 2971 1478 Si

514 1531 743 1593 tamen
778 1527 1224 1593 Gracchorum
1272 1527 1457 1593 aetati
1503 1528 1900 1592 rusticorum
1935 1528 2471 1612 urbanorumque
2504 1530 2828 1615 oppositio
2863 1533 2972 1595 sat

517 1645 847 1726 convenit,
884 1664 1292 1729 quamquam
1325 1643 1410 1709 ab
1436 1643 1738 1729 Appiano
1774 1642 1946 1708 male
1980 1664 2128 1708 cum
2160 1644 2541 1710 narratione
2576 1646 2968 1728 contexitur,

517 1759 861 1825 Saturnini
910 1758 1221 1825 seditioni
1269 1780 1418 1824 eam
1466 1758 1999 1824 abiudicabimus
2048 1762 2251 1843 atque
2300 1781 2414 1845 pro
2462 1781 2644 1825 mera
2685 1761 2970 1847 Appiani

514 1876 905 1962 repetitione
953 1875 1370 1955 habebimus,
1431 1874 1796 1961 praesertim
1854 1896 2002 1939 cum
2049 1895 2358 1961 pessume
2406 1897 2448 1940 a
2495 1877 2806 1962 scriptore
2855 1898 2969 1941 ex-

513 1991 793 2078 plicetur
839 1991 1298 2075 erroribusque
1346 1989 1645 2056 abundet
1692 1990 1796 2075 (cf.
1842 1991 2063 2078 supra)
2112 1994 2180 2055 et
2226 1991 2512 2077 Appiani
2560 1996 2791 2058 auctor
2837 2014 2970 2057 non

515 2107 730 2173 solum
763 2110 938 2172 certo
973 2106 1244 2172 consilio
1279 2105 1396 2172 sed
1428 2107 1632 2172 etiam
1666 2106 1987 2188 artificiiS,
2025 2111 2102 2172 ut
2131 2106 2416 2190 videtur,
2451 2107 2723 2173 usitatis
2755 2111 2970 2173 totam

514 2223 861 2288 historiam
910 2243 1229 2288 exornare
1278 2226 1346 2287 et
1394 2226 1824 2307 contorquere
1873 2221 2159 2310 soleat.¹)

728 2336 916 2418 Quid,
968 2337 1144 2422 quod
1177 2336 1411 2403 deinde
1446 2338 1573 2423 (78,
1610 2340 1715 2420 86,
1752 2338 1857 2424 87)
1896 2337 2110 2403 Italici
2140 2337 2373 2421 legem,
2425 2360 2573 2423 quse
2607 2339 2968 2405 secundum

513 2454 893 2541 Appianum
941 2474 1205 2519 eorum
1254 2452 1652 2518 commoda
1700 2457 2143 2540 spectaverat,
2194 2455 2506 2519 acerrime
2553 2455 2966 2541 impugnant,

515 2592 664 2636 cum
711 2570 994 2657 populus
1043 2592 1191 2636 eam
1237 2572 1526 2636 retineat
1560 2569 1686 2656 (79,
1724 2572 1828 2645 81,
1867 2572 1972 2653 83,
2009 2572 2136 2660 84),
2172 2576 2374 2655 atque
2407 2570 2549 2653 lege
2583 2569 2662 2635 de
2696 2571 2968 2637 civitate

514 2685 737 2752 danda
782 2686 1203 2772 promulgata
1249 2686 1424 2751 allici
1472 2685 1718 2751 debent
1751 2688 1907 2772 (86),
1952 2687 2050 2751 ita
2082 2690 2160 2751 ut
2189 2685 2341 2751 inde
2375 2707 2417 2751 a
2465 2684 2505 2771 ξ
2541 2688 2626 2751 86
2657 2686 2869 2751 Italici
2903 2690 2970 2752 et

513 2802 796 2889 populus
846 2805 973 2888 (87,
1026 2805 1129 2884 88,
1181 2805 1286 2885 90,
1338 2805 1443 2882 91,
1495 2804 1599 2884 92,
1657 2803 1803 2883 101,
1858 2804 2005 2889 106)
2056 2802 2323 2866 senatui
2371 2803 2499 2888 (88,
2536 2805 2639 2884 89,
2676 2804 2781 2884 92,
2822 2805 2966 2885 100,

519 2921 665 2999 102,
733 2921 877 3000 105,
950 2920 1095 3005 106)
1167 2917 1319 2983 inde
1382 2940 1424 2983 a
1488 2916 1528 3004 ξ
1582 2919 1703 2983 121
1755 2916 2025 2984 πλούσιοι
2084 2918 2263 3005 (121)
2327 2918 2729 3004 pauperibus
2795 2917 2966 3004 (121,

519 3035 643 3099 122
691 3064 780 3091 =
827 3032 1020 3118 δῆμος
1069 3034 1226 3119 123)
1275 3038 1714 3120 opponantur.
1790 3033 2022 3099 Causae
2070 3034 2273 3116 igitur
2319 3054 2487 3117 quas
2520 3033 2809 3099 ferendae
2841 3034 2969 3117 legi

512 3151 857 3236 Appianus
900 3150 1183 3215 subiecit
1229 3150 1336 3234 (28
1372 3150 1490 3236 sq.)
1538 3171 1673 3215 non
1721 3150 1889 3215 bene
1937 3171 2007 3214 se
2048 3150 2300 3215 habent
2336 3148 2438 3234 (cf.
2458 3148 2799 3215 Schwartz
2825 3150 2966 3235 1.1.),

513 3266 829 3351 quoniam
891 3267 1051 3352 ipsis
1112 3266 1311 3332 factis
1358 3270 1753 3352 repugnant,
1818 3287 1966 3350 quae
2032 3266 2263 3331 cives
2331 3288 2372 3331 a
2443 3264 2737 3331 Graccho
2809 3266 2968 3331 sub-

512 3380 774 3446 levatos
807 3403 952 3447 esse
1002 3382 1104 3469 (cf.
1138 3383 1399 3446 26-27
1449 3383 1564 3448 ubi
1614 3381 1692 3447 de
1741 3403 1898 3464 agro
1932 3380 2193 3468 publico
2226 3380 2449 3467 populi
2480 3381 2784 3464 Romani,
2835 3402 2969 3447 non

514 3496 594 3561 de
636 3497 961 3562 sociorum
1011 3498 1335 3563 territorio
1385 3498 1630 3583 agitur)
1679 3496 1945 3563 Italicos
1980 3501 2228 3580 autem,
2278 3496 2454 3581 quod
2487 3497 2730 3561 civium
2765 3519 2968 3562 causa

513 3613 640 3698 ipsi
686 3613 928 3678 iniuria
976 3613 1407 3678 afficerentur
1453 3616 1726 3696 questos
1776 3634 1942 3695 esse,
1993 3634 2106 3699 pro
2141 3612 2388 3678 Italicis
2423 3611 2704 3696 denique
2739 3616 2970 3678 contra

516 3728 693 3793 cives
742 3728 1113 3814 Scipionem
1162 3732 1231 3793 et
1277 3749 1611 3814 pugnasse
1676 3732 1746 3794 et
1794 3727 2106 3794 cecidisse
2153 3727 2490 3810 flagitant.
2577 3726 2735 3792 Inde
2781 3731 2970 3813 patet

515 3843 687 3909 male
734 3845 804 3909 in
850 3845 1300 3909 narrationem
1350 3844 1671 3930 optimam
1717 3843 1983 3908 Italicos
2031 3844 2316 3908 insertos
2365 3864 2530 3925 esse,
2581 3843 2695 3928 qui
2735 3846 2970 3929 praeter

514 3964 791 4043 questus
864 3959 942 4025 de
1012 3960 1153 4042 lege
1227 3959 1633 4045 Sempronia,
1706 3958 1903 4024 inde
1967 3981 2009 4023 a
2071 3957 2111 4044 ξ
2177 3960 2303 4023 152
2366 3957 2683 4023 demum
2739 3962 2967 4023 recte

732 4173 769 4240 ¹)
808 4172 951 4239 quod
990 4173 1352 4226 Schwartzius
1404 4181 1587 4226 monet
1625 4174 1854 4224 Hermes
1894 4172 2050 4238 1897,
2089 4188 2177 4240 pg.
2206 4173 2309 4225 606
2337 4188 2430 4238 sq..
2507 4171 2553 4222 E
2606 4173 2778 4237 primo
2832 4171 2969 4224 libro

515 4261 688 4314 habeo
742 4264 1016 4329 exempla:
1071 4279 1113 4315 c.
1158 4263 1226 4316 15
1277 4264 1306 4331 ἓ
1354 4263 1423 4316 65
1476 4287 1541 4307 ==
1595 4263 1683 4330 30,
1731 4262 1836 4314 134
1891 4261 1953 4312 τὰ
2001 4258 2192 4330 ἱμάτια
2242 4257 2649 4329 διαζωσάμενοι
2696 4260 2789 4311 καὶ
2838 4257 2970 4330 ξύλα

509 4347 884 4420 ‹inadunatus-3
924 4353 1011 4419 55,
1033 4351 1136 4404 242
1177 4376 1243 4396 =
1279 4352 1366 4416 64,
1407 4352 1510 4406 289
1549 4367 1795 4404 connexa
1840 4366 1959 4403 cum
2004 4351 2089 4417 56,
2118 4349 2222 4403 245
2255 4373 2325 4395 =
2366 4351 2451 4418 64,
2478 4349 2582 4402 289
2620 4350 2970 4419 κεκρυμμένα

511 4437 760 4511 ξιφίδιας
787 4442 1143 4508 suspicionem
1172 4443 1333 4493 etiam
1354 4442 1439 4493 via
1466 4456 1619 4494 sacra
1646 4441 1727 4493 bis
1749 4440 1857 4507 (59,
1880 4439 1983 4493 264
2000 4464 2066 4484 --
2084 4440 2169 4506 64,
2191 4439 2317 4506 291)
2345 4448 2758 4491 commemorata
2778 4445 2969 4491 movet.
