3485 5069
535 1055 614 1145 ll.
685 1055 842 1145 DE
913 1052 1254 1147 {USTO
1327 1056 1745 1154 RERUM
1813 1053 2471 1156 GESTARUM
2540 1057 2984 1159 ORDINE

1343 1231 1504 1326 AC
1572 1232 2163 1333 TEMPORE.

743 1624 832 1689 Ut
878 1623 948 1687 in
995 1621 1194 1687 rebus
1243 1621 1448 1703 gestis
1497 1642 1825 1686 annorum
1863 1624 2210 1689 102—100
2259 1645 2317 1688 a.
2356 1624 2467 1690 Ch.
2503 1646 2566 1690 n.
2602 1626 2777 1691 iuste
2811 1625 2983 1690 ordi-

528 1738 768 1804 nandis
817 1760 860 1804 a
907 1736 1118 1803 solido
1169 1735 1609 1801 fundamento
1658 1738 2175 1822 proficiscamur,
2228 1739 2512 1824 primum
2560 1745 2984 1807 externarum

528 1878 745 1921 rerum
793 1860 1111 1941 tempora,
1163 1853 1481 1938 quoniam
1527 1853 1827 1918 internas
1876 1855 2225 1939 scriptores
2273 1855 2598 1921 incuriose
2632 1856 2981 1939 definiunt,

533 1969 1013 2038 consideranda
1062 1973 1240 2034 sunt.
2166 1949 2169 1951 .

740 2090 963 2171 Atque
1010 2085 1276 2149 initium
1308 2083 1637 2148 faciamus
1686 2107 1729 2149 a
1774 2106 2000 2170 pugna
2032 2084 2210 2171 apud
2241 2086 2576 2152 Vercellas
2611 2089 2982 2171 commissa,

531 2203 719 2268 cuius
771 2202 943 2267 diem
992 2200 1391 2266 Plutarchus
1450 2198 1703 2265 indicat
1757 2200 1877 2265 vit.
1912 2201 2075 2266 Mar.
2111 2223 2162 2266 c.
2191 2203 2297 2284 26,
2347 2224 2449 2287 pg.
2486 2203 2636 2285 357,
2672 2204 2782 2268 27:
2852 2199 2986 2284 ,ἅτε

527 2312 604 2402 δὴ
652 2316 763 2382 καὶ
809 2312 973 2402 μετὰ
1020 2311 1255 2402 τροπὰς
1283 2319 1502 2402 ἳςέρους
1546 2313 1661 2401 τῆς
1706 2314 1916 2400 μοίχης
1960 2319 2303 2404 γενομένης,
2350 2312 2427 2393 ἃς
2458 2312 2988 2403 ἄγουσιῬωμαῖοι

531 2430 646 2518 πρὸ
672 2430 852 2519 τριῶν
875 2427 1116 2518 ἡμερῶν
1141 2429 1258 2516 τῆς
1279 2431 1602 2517 νουμηνίας
1627 2429 1734 2496 τοῦ
1759 2436 1858 2496 νῦν
1884 2432 1991 2516 μὲν
2016 2427 2390 2516 Αὐγούστου,
2415 2431 2555 2499 τότε
2581 2435 2648 2500 δὲ
2672 2434 2986 2513 Σεξτιλίου

529 2549 736 2635 μηνόςι
788 2550 1030 2634 quibus
1079 2550 1320 2631 verbis,
1364 2549 1634 2614 minime
1676 2548 2044 2634 explicatis,
2096 2548 2267 2613 diem
2326 2571 2386 2615 a.
2416 2548 2475 2615 d.
2505 2550 2591 2614 III
2636 2551 2785 2616 Kal.
2815 2555 2982 2635 Aug.

528 2686 595 2729 re
637 2687 799 2731 vera
838 2688 1113 2752 pugnae
1155 2664 1483 2747 assignari
1524 2663 1639 2729 sed
1678 2664 2019 2733 Plutarchi
2049 2664 2472 2747 neglegentia
2503 2665 2589 2730 ad
2623 2668 2986 2732 solstitium

526 2781 812 2846 relatum
882 2803 1028 2847 esse
1099 2781 1219 2846 viri
1291 2779 1516 2867 docti¹)
1589 2784 1826 2865 praeter
1891 2779 2248 2845 Nissenum
2322 2780 2577 2867 (Rhein.
2629 2782 2798 2847 Mus.
2847 2781 2983 2865 XL,

526 2918 631 2982 pg.
669 2897 824 2979 3303
874 2898 953 2963 cf.
993 2896 1252 2963 Soltau:
1300 2896 1489 2960 Rom.
1526 2895 1761 2961 Chron.
1797 2917 1899 2981 pg.
1935 2896 2043 2983 58)
2095 2898 2524 2962 consentiunt
2572 2901 2776 2982 atque
2824 2897 2987 2962 illud

532 3016 725 3098 „post
787 3013 1190 3077 solstitium“
1257 3033 1332 3076 eo
1405 3011 1675 3076 consilio
1739 3010 2043 3076 additum
2106 3033 2250 3077 esse
2313 3016 2576 3098 putant,
2649 3017 2727 3078 ut
2785 3013 2988 3079 lector

531 3127 799 3193 Graecus
859 3127 1187 3192 fastorum
1248 3126 1701 3191 Romanorum
1751 3126 2265 3211 computationis
2313 3128 2584 3208 ignarus
2632 3131 2859 3192 tamen
2908 3126 2985 3191 de

528 3241 750 3307 media
798 3246 1033 3307 aestate
1082 3242 1529 3326 acerrimoque
1577 3242 1791 3308 calore
1840 3243 2180 3325 cogitaret.

742 3359 963 3441 Atque
1014 3361 1187 3422 certe
1236 3379 1385 3423 cum
1433 3362 1662 3423 nostro
1710 3358 1853 3424 loco
1903 3379 2282 3443 comparare
2330 3358 2487 3423 licet
2531 3358 2705 3423 Plut.
2734 3358 2984 3423 Camill.

532 3474 634 3555 19,
684 3472 731 3555 Ι,
779 3495 882 3559 pg.
913 3475 1063 3551 270,
1115 3473 1180 3538 5:
1227 3475 1460 3557 ἐγένετο
1507 3468 1605 3557 δ”ἧ
1650 3473 1825 3560 μάχη
1889 3472 2000 3561 (sc.
2033 3495 2260 3559 pugna
2305 3473 2617 3540 Alliensis
2666 3497 2726 3540 a.
2756 3473 2815 3540 d.
2842 3475 2984 3540 XV.

526 3587 675 3653 Kal.
709 3590 876 3670 Aug.
907 3589 1284 3676 commissa)
1311 3583 1475 3673 μετὰ
1506 3584 1740 3674 τροπὰς
1770 3588 2017 3674 ζὲιερωοὶς
2047 3586 2183 3675 περὶ
2213 3586 2327 3674 τὴν
2358 3592 2729 3674 πανσέληνον
2762 3613 2823 3654 κ.
2839 3614 2896 3658 τ.
2912 3595 2987 3669 λ.,

530 3726 937 3788 quamquam
984 3705 1204 3770 minus
1253 3726 1295 3769 a
1340 3726 1496 3769 vero
1547 3705 1819 3770 solstitii
1868 3705 1972 3769 die
2006 3705 2404 3770 Plutarchus
2454 3704 2538 3792 (a.
2568 3705 2627 3771 d.
2658 3705 2806 3770 VIII
2838 3706 2985 3771 Kal.

529 3819 661 3884 Jul.
698 3818 1062 3884 secundum
1110 3820 1326 3886 fastos
1373 3820 1700 3908 Julianos)
1750 3821 1875 3885 hoc
1920 3820 2062 3886 loco
2113 3821 2452 3910 aberrat.‘²)
3027 3799 3030 3804 ⁵

745 4032 785 4096 ¹)
826 4031 895 4085 cf.
923 4033 1249 4086 Mommsen:
1278 4032 1429 4085 Rom.
1459 4033 1647 4086 Gesch.
1680 4034 1730 4085 II
1748 4032 1786 4101 ⁸,
1813 4034 1942 4102 1863
1983 4033 2339 4086 Miillenhoff:
2367 4034 2639 4086 Deutsche
2668 4035 2990 4085 Altertums-

531 4122 716 4173 kunde
754 4122 824 4189 ΙΙ,
865 4123 996 4190 1443
1050 4120 1360 4188 Holzapfel:
1407 4121 1562 4174 Rom.
1600 4122 1854 4174 Chronol.
1895 4138 1982 4188 pg.
2009 4122 2212 4191 314,2;
2264 4122 2455 4175 Niese:
2504 4122 2681 4175 Abriss
2720 4122 2817 4174 der
2854 4128 2988 4179 rom.

528 4209 770 4276 Gesch.³‚
810 4228 895 4278 pg.
927 4211 1045 4266 161.

747 4297 787 4366 ²)
830 4301 991 4352 etiam
1020 4300 1153 4353 Caes.
1183 4316 1226 4351 c.
1249 4301 1316 4354 37
1343 4300 1440 4366 III,
1479 4315 1566 4366 pg.
1587 4301 1709 4367 400,
1735 4300 1804 4353 32
1842 4299 2122 4369 χειμῶνος
2148 4298 2209 4351 ἐν
2237 4304 2460 4368 τροπαῖς
2488 4298 2656 4361 ὄντος,
2696 4300 2993 4370 ἱσταμένου

527 4386 875 4458 Ἰανουαρίου
912 4390 1091 4459 μηνὸς
1121 4430 1296 4441 .....
1326 4386 1539 4456 ἀφῆκεν
1576 4392 1667 4453 (sc.
1692 4390 1894 4455 Caesar)
1943 4387 2025 4445 εἰς
2073 4388 2130 4438 τὸ
2166 4389 2401 4455 πέλαγος
2439 4389 2725 4441 solstitium
2762 4387 2990 4441 fortasse

528 4477 594 4529 de
616 4493 711 4531 suo
743 4478 966 4530 addidit.
1009 4478 1219 4544 Quippe
1246 4494 1366 4530 cum
1392 4494 1459 4529 re
1487 4494 1644 4530 vera
1670 4477 1735 4529 de
1774 4479 1984 4530 ineunti
2010 4493 2193 4530 mense
2219 4478 2511 4530 Novembri
2536 4483 2789 4543 ageretur
2807 4475 2899 4542 (cf.
2922 4477 2991 4529 ad
