3485 5069
1565 355 1921 408 -83-

519 535 738 601 diasse
801 534 1040 600 dicitur
1087 531 1280 619 (adde
1330 532 1457 598 Cic.
1491 534 1645 618 post
1688 531 1823 608 red.
1865 552 2003 596 sen.
2045 531 2132 595 25
2177 531 2248 596 in
2293 531 2425 596 Pis.
2460 532 2548 596 20
2594 530 2681 596 ad
2724 531 2884 597 fam.
2919 532 2965 614 I,

517 652 742 738 9,16).
838 650 1165 730 Quoniam
1233 651 1456 714 autem
1531 669 1761 713 omnes
1829 646 2052 712 fontes
2124 647 2184 712 ei
2243 668 2640 732 magnopere
2708 647 2966 729 favent,

515 767 802 833 fortasse
848 766 1116 852 propius
1163 763 1251 829 ad
1295 764 1652 829 veritatem
1698 761 1955 828 accedit
1987 763 2343 846 sententia,
2394 783 2595 847 quam
2628 763 2777 828 aliis
2808 763 2968 829 locis

517 883 737 948 Cicero
791 880 1041 967 profert
1101 879 1204 966 (cf.
1251 901 1355 966 pg.
1404 880 1490 943 22
1516 899 1612 963 sq.
1669 881 1824 965 post
1882 877 2015 943 red.
2061 899 2199 943 sen.
2244 878 2350 960 38,
2411 900 2526 964 pro
2589 878 2805 944 Sestio
2862 879 2967 963 37,

516 1019 631 1084 pro
666 996 966 1062 Cluentio
1001 996 1141 1082 95);
1173 994 1516 1060 Metellum
1541 1016 1583 1058 a
1609 986 1852 1059 senatu
1879 993 2213 1059 desertum
2236 994 2308 1059 in
2333 993 2603 1059 exilium
2627 995 2967 1077 migrasse,

518 1112 694 1200 quod
742 1111 1241 1176 damnationem
1301 1110 1647 1196 prohibere
1708 1130 1844 1174 non
1903 1112 2150 1195 posset.
2236 1109 2425 1175 Certe
2482 1112 2639 1175 ante
2696 1132 2971 1176 causam

517 1231 856 1315 peractam
914 1225 1250 1312 profectus
1311 1225 1493 1311 est¹):
1566 1245 1770 1309 quam
1837 1225 1919 1289 ob
1981 1246 2121 1289 rem
2180 1224 2472 1308 legitime
2535 1225 2596 1290 ei
2664 1246 2844 1310 aqua
2904 1229 2973 1292 et

517 1344 654 1426 igni
715 1342 910 1430 (Plut.
958 1363 1062 1428 pg.
1113 1341 1264 1422 362,
1303 1341 1364 1424 5,
1426 1341 1568 1406 Per.
1620 1342 1702 1406 69
1768 1343 1836 1406 et
1896 1340 2114 1426 ceteri)
2176 1339 2602 1406 interdictum
2655 1362 2778 1407 nec
2837 1363 2972 1408 non

516 1460 663 1545 ipsa
710 1480 915 1524 causa
959 1460 1230 1543 peracta
1285 1456 1460 1542 est.²)
1552 1456 1804 1521 Marius
1853 1455 2085 1521 consul
2137 1455 2666 1522 interdictionem
2726 1479 2971 1523 renun-

518 1575 719 1640 tiavit
766 1574 952 1661 (App.
1003 1573 1051 1654 I,
1102 1571 1142 1659 ξ
1195 1574 1343 1655 140,
1402 1572 1577 1637 Plut.
1627 1593 1731 1658 pg.
1769 1573 1918 1655 362,
1955 1572 2016 1655 5,
2064 1571 2208 1637 Liv.
2257 1572 2400 1637 Per.
2452 1574 2556 1656 69,
2604 1573 2973 1640 Mommsen

519 1690 732 1756 St.-R.
767 1690 874 1773 ΠΒ,
926 1690 1096 1776 139).

732 1824 890 1903 Quae
925 1823 1167 1905 omnia,
1217 1824 1295 1887 ut
1324 1821 1617 1904 legitime
1651 1820 2053 1904 acciderunt,
2096 1821 2194 1886 ita
2227 1821 2618 1907 scriptorum
2651 1821 2871 1888 studio
2906 1827 2975 1889 et

521 1938 669 2004 odio
719 1938 1086 2025 depravata
1119 1940 1298 2003 sunt.
1370 1937 1742 2021 Tamquam
1781 1957 1887 2002 res
1928 1935 2237 2002 inaudita
2269 1937 2527 2002 sanctio
2562 1936 2970 2021 describitur,

519 2076 866 2140 poenaque,
917 2074 1119 2138 quam
1168 2053 1641 2134 constituebat,
1692 2055 1977 2134 augetur
2009 2055 2077 2117 et
2108 2053 2308 2117 unius
2334 2052 2583 2118 Metelli
2615 2075 2821 2119 causa
2854 2053 2973 2119 ad-

520 2169 662 2234 dita
694 2191 839 2235 esse
874 2168 1128 2234 dicitur.
1194 2168 1361 2233 Mari
1407 2168 1691 2233 artificio
1724 2167 2052 2250 MetelluS,
2087 2170 2166 2233 ut
2197 2167 2660 2233 iusiurandum
2690 2174 2971 2252 recuset,

523 2284 899 2368 adducitur3
959 2284 1340 2370 pertinaciae
1402 2284 1790 2370 opprobium
1849 2283 1920 2348 in
1981 2285 2377 2349 constantiae
2436 2284 2711 2367 gloriam
2771 2287 2976 2351 verti-

520 2405 647 2466 tur.
743 2400 1058 2465 Clausula
1095 2400 1472 2465 necessaria
1517 2399 1686 2464 Mari
1733 2398 2084 2464 calliditati
2133 2398 2354 2464 deberi
2402 2398 2661 2467 dicitur.
2742 2401 2977 2467 Metel-

522 2517 662 2582 lum
729 2538 994 2603 poenam
1048 2495 1438 2599 legitimam*
1485 2515 1816 2601 suscipere
1876 2515 2170 2580 noluisse
2238 2515 2530 2602 plerique
2595 2539 2731 2583 non
2801 2540 2978 2583 com-

525 2637 917 2716 memorant,
989 2654 1139 2698 cum
1212 2635 1443 2697 contra
1514 2631 1592 2696 de
1654 2631 1999 2696 Saturnini
2068 2633 2450 2714 arrogantia
2519 2636 2588 2698 et
2656 2634 2979 2700 violentia

525 2748 857 2835 permulta
916 2750 1206 2813 narrent.
1301 2747 1611 2831 Exilium,
1660 2746 1837 2833 quod
1882 2748 2283 2813 necessitate
2333 2751 2603 2813 coactus
2665 2751 2975 2836 suscepit,

518 2865 751 2951 patriae
781 2864 1095 2950 pacisque
1130 2863 1338 2929 amori
1365 2864 1697 2929 tribuitur.
1755 2863 2191 2929 Renuntiatio
2219 2866 2447 2928 autem
2472 2863 2975 2947 interdictioniS,

518 3002 633 3066 per
677 2980 961 3044 Marium
1006 2978 1210 3063 facta,
1271 2978 1358 3045 ad
1413 2980 1720 3044 innatam
1765 2979 1934 3043 Mari
1979 2979 2473 3064 improbitatem
2522 2982 2590 3043 et
2637 2978 2861 3044 odium
2907 2980 2978 3045 in

519 3096 858 3160 inimicum
903 3093 1202 3178 refertur,
1255 3117 1403 3160 cum
1450 3096 1518 3159 in
1568 3117 1648 3160 ea
1693 3116 1762 3160 re
1811 3094 2100 3160 consulis
2148 3098 2416 3160 tantum
2449 3094 2671 3160 officio
2702 3094 2976 3161 functus

522 3211 628 3276 sit.
677 3210 826 3275 Non
858 3210 1176 3274 miramur
1210 3210 1512 3294 denique,
1548 3209 1724 3294 quod
1757 3209 2122 3275 secundum
2156 3210 2420 3276 eosdem
2454 3214 2760 3276 auctores
2792 3211 2974 3277 nullo

528 3325 679 3408 alio,
731 3347 929 3411 quam
965 3325 1216 3391 Metelli
1262 3325 1634 3411 expellendi
1682 3326 1953 3391 consilio
1988 3326 2391 3393 Saturninus
2434 3327 2647 3410 legem
2692 3329 2974 3411 rogavit,

521 3442 720 3506 immo
770 3441 1209 3525 tribunatum,
1259 3444 1337 3506 ut
1382 3442 1632 3506 Marius
1683 3442 2125 3525 consulatum,
2175 3443 2386 3528 petiit.

733 3557 1106 3623 Comitante
1141 3558 1326 3623 Aelio
1361 3557 1614 3623 Stilone
1663 3557 1870 3644 (Suet.
1907 3558 1985 3623 de
2034 3580 2308 3640 gramm.
2346 3560 2385 3622 3
2417 3559 2614 3645 Reiff)
2663 3558 2975 3623 Rhodum

519 3672 825 3738 Metellus
875 3694 1020 3738 sese
1070 3673 1353 3739 contulit
1415 3672 1610 3757 (Plut.
1647 3694 1699 3739 c.
1736 3676 1822 3739 29
1848 3674 1990 3761 fin).

739 3922 774 3990 ¹)
812 3925 952 3990 App.
992 3924 1053 3990 (Ι,
1091 3924 1177 3989 31,
1217 3925 1339 3992 140,
1359 3925 1409 3990 6,
1431 3927 1486 3992 7)
1526 3923 1596 3977 cf.
1638 3941 1800 3992 supra
1838 3942 1923 3992 pg.
1946 3927 2032 3991 36,
2071 3926 2213 3978 idem
2250 3926 2433 3978 Livius
2471 3925 2675 3994 pg.19;
2725 3926 2832 3978 Cic.
2874 3942 2973 3992 pro

519 4011 653 4064 Sest.
681 4013 768 4080 37,
806 4028 903 4079 pro
927 4012 1108 4066 Plane.
1135 4014 1221 4080 89,
1259 4014 1326 4066 de
1365 4030 1476 4080 rep.
1504 4015 1547 4082 I,
1573 4015 1606 4067 6
1645 4015 1844 4080 optime
1872 4015 2164 4082 quadrant3
2205 4013 2273 4067 cf.
2302 4016 2369 4067 de
2396 4015 2552 4066 domo
2577 4014 2666 4082 82,
2692 4015 2783 4080 qui
2809 4016 2974 4082 locus,

519 4102 769 4167 quoniam
822 4101 1142 4154 Saturninus
1195 4109 1293 4169 „ut
1329 4103 1688 4156 interdictum
1739 4105 1848 4156 siff
1899 4119 2089 4170 rogare
2142 4105 2375 4170 potuisse
2427 4104 2643 4170 dicitur,
2691 4104 2974 4155 Metellum

519 4188 720 4242 afuisse
767 4196 1015 4243 testatur.
1092 4190 1265 4244 Schol.
1308 4192 1472 4244 Bobb.
1514 4209 1600 4258 pg.
1647 4193 1751 4247 347
1798 4193 1857 4247 Ο.
1932 4193 2170 4244 Exilium
2220 4194 2380 4245 etiam
2419 4200 2538 4259 post
2575 4193 2975 4244 damnationem

519 4295 915 4346 nonnumquam
953 4280 1376 4349 concedebatur,
1415 4280 1733 4348 Mommsen,
1772 4280 2079 4334 Strafrecht
2117 4298 2204 4348 pg.
2232 4281 2317 4348 72,
2340 4281 2386 4333 2.

735 4385 777 4453 2)
816 4384 885 4439 cf.
922 4388 1062 4453 App.
1101 4388 1168 4455 (I,
1205 4388 1292 4455 31,
1332 4388 1452 4455 140,
1474 4389 1543 4454 7),
1595 4389 1702 4441 Cic.
1732 4388 1800 4440 de
1839 4388 1996 4441 domo
2034 4389 2122 4455 82,
2175 4389 2320 4441 Oros.
2348 4388 2414 4456 V,
2454 4390 2538 4455 17,
2558 4391 2609 4456 4,
2659 4389 2973 4456 Mommsen,

521 4473 831 4527 Strafrecht
885 4492 972 4542 pg.
1012 4476 1079 4530 71
1108 4492 1203 4543 sq,
1258 4475 1596 4529 Staatsrecht
1651 4478 1748 4545 ΙΙΙ,
1787 4478 1855 4531 51
1890 4493 1965 4545 sq.
