<?xml version="1.0" encoding="UTF-8"?>
<!DOCTYPE html PUBLIC "-//W3C//DTD XHTML 1.0 Transitional//EN"
    "http://www.w3.org/TR/xhtml1/DTD/xhtml1-transitional.dtd">
<html xmlns="http://www.w3.org/1999/xhtml" xml:lang="en" lang="en">
 <head>
  <title>
</title>
<meta http-equiv="Content-Type" content="text/html;charset=utf-8" />
  <meta name='ocr-system' content='tesseract 3.04.00' />
  <meta name='ocr-capabilities' content='ocr_page ocr_carea ocr_par ocr_line ocrx_word'/>
</head>
<body>
  <div class='ocr_page' id='page_1' title='image "./delappuleiosatu01mhgoog_0094.png"; bbox 0 0 3485 5069; ppageno 0'>
   <div class='ocr_carea' id='block_1_1' title="bbox 1574 340 1932 393">
    <p class='ocr_par' dir='ltr' id='par_1_1' title="bbox 1574 340 1932 393">
     <span class='ocr_line' id='line_1_1' title="bbox 1574 340 1932 393; baseline -0.006 -14"><span class='ocrx_word' id='word_1_1' title='bbox 1574 340 1932 393; x_wconf 78' lang='grc'>-86-</span> 
     </span>
    </p>
   </div>
   <div class='ocr_carea' id='block_1_2' title="bbox 503 516 2978 4538">
    <p class='ocr_par' dir='ltr' id='par_1_2' title="bbox 503 516 2978 4538">
     <span class='ocr_line' id='line_1_2' title="bbox 523 516 2976 602; baseline -0 -18"><span class='ocrx_word' id='word_1_2' title='bbox 523 519 892 584; x_wconf 90' lang='lat' dir='ltr'>orationem</span> <span class='ocrx_word' id='word_1_3' title='bbox 937 517 1198 599; x_wconf 89' lang='lat' dir='ltr'>habuit,</span> <span class='ocrx_word' id='word_1_4' title='bbox 1262 537 1396 601; x_wconf 91' lang='lat' dir='ltr'>qua</span> <span class='ocrx_word' id='word_1_5' title='bbox 1444 519 1756 582; x_wconf 88' lang='lat' dir='ltr'>senatum</span> <span class='ocrx_word' id='word_1_6' title='bbox 1802 516 2029 602; x_wconf 91' lang='lat' dir='ltr'>populi</span> <span class='ocrx_word' id='word_1_7' title='bbox 2072 516 2278 581; x_wconf 86' lang='lat' dir='ltr'>furori</span> <span class='ocrx_word' id='word_1_8' title='bbox 2326 517 2644 602; x_wconf 79' lang='lat' dir='ltr'>eripuisse</span> <span class='ocrx_word' id='word_1_9' title='bbox 2690 516 2976 583; x_wconf 91' lang='lat' dir='ltr'>videtur.</span> 
     </span>
     <span class='ocr_line' id='line_1_3' title="bbox 519 631 2978 719; baseline -0.001 -21"><span class='ocrx_word' id='word_1_10' title='bbox 519 632 795 699; x_wconf 86' lang='lat' dir='ltr'>Recedit</span> <span class='ocrx_word' id='word_1_11' title='bbox 838 633 1114 719; x_wconf 93' lang='lat' dir='ltr'>paulum</span> <span class='ocrx_word' id='word_1_12' title='bbox 1146 632 1486 698; x_wconf 79' lang='lat' dir='ltr'>Plutarchi</span> <span class='ocrx_word' id='word_1_13' title='bbox 1534 632 1783 718; x_wconf 86' lang='lat' dir='ltr'>opinio:</span> <span class='ocrx_word' id='word_1_14' title='bbox 1833 652 1983 696; x_wconf 92' lang='lat' dir='ltr'>cum</span> <span class='ocrx_word' id='word_1_15' title='bbox 2016 632 2436 697; x_wconf 80' lang='lat' dir='ltr'>audaciorem</span> <span class='ocrx_word' id='word_1_16' title='bbox 2467 632 2538 697; x_wconf 94' lang='lat' dir='ltr'>in</span> <span class='ocrx_word' id='word_1_17' title='bbox 2570 631 2710 698; x_wconf 91' lang='lat' dir='ltr'>dies</span> <span class='ocrx_word' id='word_1_18' title='bbox 2743 632 2978 698; x_wconf 85' lang='lat' dir='ltr'>Satur-</span> 
     </span>
     <span class='ocr_line' id='line_1_4' title="bbox 520 747 2977 834; baseline -0 -20"><span class='ocrx_word' id='word_1_19' title='bbox 520 750 720 815; x_wconf 84' lang='lat' dir='ltr'>ninus</span> <span class='ocrx_word' id='word_1_20' title='bbox 769 770 839 815; x_wconf 90' lang='lat' dir='ltr'>se</span> <span class='ocrx_word' id='word_1_21' title='bbox 888 751 1158 832; x_wconf 79' lang='lat' dir='ltr'>gereret,</span> <span class='ocrx_word' id='word_1_22' title='bbox 1220 748 1524 831; x_wconf 88' lang='lat' dir='ltr'>Marium,</span> <span class='ocrx_word' id='word_1_23' title='bbox 1588 748 1699 834; x_wconf 93' lang='lat' dir='ltr'>qui</span> <span class='ocrx_word' id='word_1_24' title='bbox 1759 748 1898 813; x_wconf 87' lang='lat' dir='ltr'>vim</span> <span class='ocrx_word' id='word_1_25' title='bbox 1958 769 2089 813; x_wconf 91' lang='lat' dir='ltr'>non</span> <span class='ocrx_word' id='word_1_26' title='bbox 2138 749 2449 834; x_wconf 89' lang='lat' dir='ltr'>probaret</span> <span class='ocrx_word' id='word_1_27' title='bbox 2508 747 2626 813; x_wconf 93' lang='lat' dir='ltr'>sed</span> <span class='ocrx_word' id='word_1_28' title='bbox 2670 748 2977 813; x_wconf 88' lang='lat' dir='ltr'>resistere</span> 
     </span>
     <span class='ocr_line' id='line_1_5' title="bbox 519 862 2976 950; baseline 0 -20"><span class='ocrx_word' id='word_1_29' title='bbox 519 886 655 930; x_wconf 90' lang='lat' dir='ltr'>non</span> <span class='ocrx_word' id='word_1_30' title='bbox 703 864 997 946; x_wconf 76' lang='lat' dir='ltr'>auderet,</span> <span class='ocrx_word' id='word_1_31' title='bbox 1047 862 1324 930; x_wconf 89' lang='lat' dir='ltr'>dubium</span> <span class='ocrx_word' id='word_1_32' title='bbox 1369 864 1720 929; x_wconf 60' lang='lat' dir='ltr'>haesitasse</span> <span class='ocrx_word' id='word_1_33' title='bbox 1770 866 1839 929; x_wconf 90' lang='lat' dir='ltr'>et</span> <span class='ocrx_word' id='word_1_34' title='bbox 1885 884 2293 950; x_wconf 90' lang='lat' dir='ltr'>quamquam</span> <span class='ocrx_word' id='word_1_35' title='bbox 2324 865 2591 929; x_wconf 90' lang='lat' dir='ltr'>tribuno</span> <span class='ocrx_word' id='word_1_36' title='bbox 2626 862 2976 930; x_wconf 89' lang='lat' dir='ltr'>devinctus</span> 
     </span>
     <span class='ocr_line' id='line_1_6' title="bbox 520 980 2973 1066; baseline -0 -20"><span class='ocrx_word' id='word_1_37' title='bbox 520 984 718 1062; x_wconf 86' lang='lat' dir='ltr'>esset,</span> <span class='ocrx_word' id='word_1_38' title='bbox 792 981 997 1046; x_wconf 90' lang='lat' dir='ltr'>etiam</span> <span class='ocrx_word' id='word_1_39' title='bbox 1068 981 1490 1045; x_wconf 90' lang='lat' dir='ltr'>senatoribus</span> <span class='ocrx_word' id='word_1_40' title='bbox 1561 1001 1791 1044; x_wconf 91' lang='lat' dir='ltr'>aurem</span> <span class='ocrx_word' id='word_1_41' title='bbox 1860 980 2242 1066; x_wconf 76' lang='lat' dir='ltr'>praebuisse.</span> <span class='ocrx_word' id='word_1_42' title='bbox 2337 980 2637 1065; x_wconf 91' lang='lat' dir='ltr'>Denique</span> <span class='ocrx_word' id='word_1_43' title='bbox 2694 985 2973 1045; x_wconf 90' lang='lat' dir='ltr'>senatus</span> 
     </span>
     <span class='ocr_line' id='line_1_7' title="bbox 519 1094 2973 1182; baseline -0 -20"><span class='ocrx_word' id='word_1_44' title='bbox 519 1097 949 1182; x_wconf 89' lang='lat' dir='ltr'>equitumque</span> <span class='ocrx_word' id='word_1_45' title='bbox 1000 1117 1329 1161; x_wconf 89' lang='lat' dir='ltr'>consensu</span> <span class='ocrx_word' id='word_1_46' title='bbox 1377 1117 1528 1160; x_wconf 91' lang='lat' dir='ltr'>eum</span> <span class='ocrx_word' id='word_1_47' title='bbox 1577 1094 1943 1161; x_wconf 90' lang='lat' dir='ltr'>adductum</span> <span class='ocrx_word' id='word_1_48' title='bbox 1990 1117 2157 1177; x_wconf 88' lang='lat' dir='ltr'>esse,</span> <span class='ocrx_word' id='word_1_49' title='bbox 2220 1098 2299 1160; x_wconf 88' lang='lat' dir='ltr'>ut</span> <span class='ocrx_word' id='word_1_50' title='bbox 2345 1099 2622 1161; x_wconf 89' lang='lat' dir='ltr'>senatus</span> <span class='ocrx_word' id='word_1_51' title='bbox 2671 1095 2973 1161; x_wconf 89' lang='lat' dir='ltr'>consulto</span> 
     </span>
     <span class='ocr_line' id='line_1_8' title="bbox 517 1210 2974 1299; baseline -0 -23"><span class='ocrx_word' id='word_1_52' title='bbox 517 1215 797 1299; x_wconf 89' lang='lat' dir='ltr'>pareret.</span> <span class='ocrx_word' id='word_1_53' title='bbox 870 1212 1029 1292; x_wconf 74' lang='lat' dir='ltr'>Quae</span> <span class='ocrx_word' id='word_1_54' title='bbox 1078 1210 1257 1298; x_wconf 90' lang='lat' dir='ltr'>apud</span> <span class='ocrx_word' id='word_1_55' title='bbox 1301 1212 1682 1298; x_wconf 89' lang='lat' dir='ltr'>Appianum</span> <span class='ocrx_word' id='word_1_56' title='bbox 1728 1211 2010 1294; x_wconf 90' lang='lat' dir='ltr'>legimus</span> <span class='ocrx_word' id='word_1_57' title='bbox 2059 1211 2138 1276; x_wconf 94' lang='lat' dir='ltr'>de</span> <span class='ocrx_word' id='word_1_58' title='bbox 2194 1212 2486 1277; x_wconf 87' lang='lat' dir='ltr'>transitu</span> <span class='ocrx_word' id='word_1_59' title='bbox 2549 1212 2821 1293; x_wconf 88' lang='lat' dir='ltr'>incert0,</span> <span class='ocrx_word' id='word_1_60' title='bbox 2894 1210 2974 1276; x_wconf 89' lang='lat' dir='ltr'>de</span> 
     </span>
     <span class='ocr_line' id='line_1_9' title="bbox 519 1327 2972 1413; baseline -0.001 -20"><span class='ocrx_word' id='word_1_61' title='bbox 519 1328 815 1394; x_wconf 90' lang='lat' dir='ltr'>amicitia</span> <span class='ocrx_word' id='word_1_62' title='bbox 884 1349 1032 1393; x_wconf 92' lang='lat' dir='ltr'>cum</span> <span class='ocrx_word' id='word_1_63' title='bbox 1102 1327 1463 1393; x_wconf 82' lang='lat' dir='ltr'>Saturnino</span> <span class='ocrx_word' id='word_1_64' title='bbox 1521 1330 1812 1410; x_wconf 87' lang='lat' dir='ltr'>servata,</span> <span class='ocrx_word' id='word_1_65' title='bbox 1884 1328 2194 1412; x_wconf 88' lang='lat' dir='ltr'>quamvis</span> <span class='ocrx_word' id='word_1_66' title='bbox 2253 1327 2537 1413; x_wconf 90' lang='lat' dir='ltr'>populus</span> <span class='ocrx_word' id='word_1_67' title='bbox 2597 1327 2737 1413; x_wconf 90' lang='lat' dir='ltr'>ipse</span> <span class='ocrx_word' id='word_1_68' title='bbox 2784 1327 2972 1391; x_wconf 91' lang='grc'>11111111</span> 
     </span>
     <span class='ocr_line' id='line_1_10' title="bbox 516 1441 2975 1531; baseline -0.001 -22"><span class='ocrx_word' id='word_1_69' title='bbox 516 1447 875 1531; x_wconf 89' lang='lat' dir='ltr'>respueret,</span> <span class='ocrx_word' id='word_1_70' title='bbox 920 1443 999 1509; x_wconf 92' lang='lat' dir='ltr'>de</span> <span class='ocrx_word' id='word_1_71' title='bbox 1030 1443 1453 1509; x_wconf 80' lang='lat' dir='ltr'>cunctatione</span> <span class='ocrx_word' id='word_1_72' title='bbox 1488 1444 1558 1508; x_wconf 92' lang='lat' dir='ltr'>in</span> <span class='ocrx_word' id='word_1_73' title='bbox 1602 1443 1747 1529; x_wconf 90' lang='lat' dir='ltr'>ipso</span> <span class='ocrx_word' id='word_1_74' title='bbox 1792 1442 2083 1529; x_wconf 90' lang='lat' dir='ltr'>parendo</span> <span class='ocrx_word' id='word_1_75' title='bbox 2116 1443 2420 1509; x_wconf 91' lang='lat' dir='ltr'>adhibita</span> <span class='ocrx_word' id='word_1_76' title='bbox 2453 1443 2554 1530; x_wconf 86' lang='lat' dir='ltr'>(cf.</span> <span class='ocrx_word' id='word_1_77' title='bbox 2575 1444 2622 1526; x_wconf 93' lang='lat' dir='ltr'>I,</span> <span class='ocrx_word' id='word_1_78' title='bbox 2651 1444 2756 1525; x_wconf 82' lang='grc'>32,</span> <span class='ocrx_word' id='word_1_79' title='bbox 2784 1441 2975 1529; x_wconf 71' lang='lat'>§144</span> 
     </span>
     <span class='ocr_line' id='line_1_11' title="bbox 517 1555 2974 1649; baseline -0.002 -23"><span class='ocrx_word' id='word_1_80' title='bbox 517 1557 863 1645; x_wconf 61' lang='grc' dir='ltr'>ἀχῖῖόμενος</span> <span class='ocrx_word' id='word_1_81' title='bbox 883 1610 898 1624; x_wconf 95' lang='grc'><strong>.</strong></span> <span class='ocrx_word' id='word_1_82' title='bbox 921 1612 934 1626; x_wconf 95' lang='grc'>.</span> <span class='ocrx_word' id='word_1_83' title='bbox 957 1611 970 1625; x_wconf 94' lang='grc'>.</span> <span class='ocrx_word' id='word_1_84' title='bbox 1003 1555 1106 1626; x_wconf 81' lang='grc' dir='ltr'>σὺν</span> <span class='ocrx_word' id='word_1_85' title='bbox 1136 1555 1334 1649; x_wconf 70' lang='grc' dir='ltr'>ὄκνῳ),</span> <span class='ocrx_word' id='word_1_86' title='bbox 1386 1560 1610 1625; x_wconf 92' lang='lat' dir='ltr'>omnia</span> <span class='ocrx_word' id='word_1_87' title='bbox 1633 1560 1937 1646; x_wconf 90' lang='lat' dir='ltr'>inspecta</span> <span class='ocrx_word' id='word_1_88' title='bbox 1967 1559 2255 1646; x_wconf 90' lang='lat' dir='ltr'>Appiani</span> <span class='ocrx_word' id='word_1_89' title='bbox 2301 1558 2520 1625; x_wconf 90' lang='lat' dir='ltr'>indole</span> <span class='ocrx_word' id='word_1_90' title='bbox 2552 1557 2974 1624; x_wconf 89' lang='lat' dir='ltr'>retractatori</span> 
     </span>
     <span class='ocr_line' id='line_1_12' title="bbox 515 1674 2973 1762; baseline -0 -21"><span class='ocrx_word' id='word_1_91' title='bbox 515 1676 740 1761; x_wconf 89' lang='lat' dir='ltr'>potius</span> <span class='ocrx_word' id='word_1_92' title='bbox 801 1676 1191 1759; x_wconf 90' lang='lat' dir='ltr'>tribuemus,</span> <span class='ocrx_word' id='word_1_93' title='bbox 1257 1697 1458 1760; x_wconf 91' lang='lat' dir='ltr'>quam</span> <span class='ocrx_word' id='word_1_94' title='bbox 1505 1696 1620 1762; x_wconf 90' lang='lat' dir='ltr'>pro</span> <span class='ocrx_word' id='word_1_95' title='bbox 1681 1675 2084 1740; x_wconf 84' lang='lat' dir='ltr'>testimoniis</span> <span class='ocrx_word' id='word_1_96' title='bbox 2148 1676 2545 1761; x_wconf 88' lang='lat' dir='ltr'>accipiemus</span> <span class='ocrx_word' id='word_1_97' title='bbox 2608 1674 2710 1761; x_wconf 86' lang='lat' dir='ltr'>(cf.</span> <span class='ocrx_word' id='word_1_98' title='bbox 2771 1696 2973 1760; x_wconf 87' lang='lat' dir='ltr'>supra</span> 
     </span>
     <span class='ocr_line' id='line_1_13' title="bbox 515 1790 2973 1879; baseline -0.001 -22"><span class='ocrx_word' id='word_1_99' title='bbox 515 1813 621 1878; x_wconf 93' lang='lat' dir='ltr'>pg.</span> <span class='ocrx_word' id='word_1_100' title='bbox 657 1792 785 1879; x_wconf 83' lang='lat'>38).</span> <span class='ocrx_word' id='word_1_101' title='bbox 878 1792 1121 1857; x_wconf 87' lang='lat' dir='ltr'>Restat</span> <span class='ocrx_word' id='word_1_102' title='bbox 1166 1792 1320 1856; x_wconf 86' lang='lat' dir='ltr'>hoc:</span> <span class='ocrx_word' id='word_1_103' title='bbox 1380 1791 1631 1856; x_wconf 90' lang='lat' dir='ltr'>Marius</span> <span class='ocrx_word' id='word_1_104' title='bbox 1693 1812 1736 1856; x_wconf 91' lang='lat' dir='ltr'>a</span> <span class='ocrx_word' id='word_1_105' title='bbox 1783 1790 2145 1856; x_wconf 87' lang='lat' dir='ltr'>Saturnino</span> <span class='ocrx_word' id='word_1_106' title='bbox 2205 1794 2359 1877; x_wconf 89' lang='lat' dir='ltr'>post</span> <span class='ocrx_word' id='word_1_107' title='bbox 2403 1792 2670 1856; x_wconf 89' lang='lat' dir='ltr'>Memmi</span> <span class='ocrx_word' id='word_1_108' title='bbox 2728 1790 2973 1857; x_wconf 73' lang='lat' dir='ltr'>caedem</span> 
     </span>
     <span class='ocr_line' id='line_1_14' title="bbox 519 1906 2969 1992; baseline 0 -21"><span class='ocrx_word' id='word_1_109' title='bbox 519 1907 759 1973; x_wconf 84' lang='lat' dir='ltr'>defecit</span> <span class='ocrx_word' id='word_1_110' title='bbox 804 1910 1212 1991; x_wconf 89' lang='lat' dir='ltr'>senatusque</span> <span class='ocrx_word' id='word_1_111' title='bbox 1258 1906 1560 1972; x_wconf 90' lang='lat' dir='ltr'>consulto</span> <span class='ocrx_word' id='word_1_112' title='bbox 1593 1906 1837 1992; x_wconf 89' lang='lat' dir='ltr'>paruit.</span> <span class='ocrx_word' id='word_1_113' title='bbox 1896 1906 2174 1986; x_wconf 79' lang='lat' dir='ltr'>Quando</span> <span class='ocrx_word' id='word_1_114' title='bbox 2210 1906 2498 1972; x_wconf 77' lang='lat' dir='ltr'>defecit?</span> <span class='ocrx_word' id='word_1_115' title='bbox 2570 1909 2744 1972; x_wconf 90' lang='lat' dir='ltr'>Ante</span> <span class='ocrx_word' id='word_1_116' title='bbox 2778 1907 2843 1973; x_wconf 82' lang='lat' dir='ltr'>S.</span> <span class='ocrx_word' id='word_1_117' title='bbox 2872 1907 2969 1972; x_wconf 86' lang='lat' dir='ltr'>C.:</span> 
     </span>
     <span class='ocr_line' id='line_1_15' title="bbox 515 2021 2969 2108; baseline -0 -20"><span class='ocrx_word' id='word_1_118' title='bbox 515 2044 673 2089; x_wconf 89' lang='lat' dir='ltr'>nam</span> <span class='ocrx_word' id='word_1_119' title='bbox 735 2025 960 2108; x_wconf 90' lang='lat' dir='ltr'>patres</span> <span class='ocrx_word' id='word_1_120' title='bbox 1023 2021 1087 2089; x_wconf 83' lang='lat' dir='ltr'>S.</span> <span class='ocrx_word' id='word_1_121' title='bbox 1137 2021 1203 2087; x_wconf 86' lang='lat' dir='ltr'>C.</span> <span class='ocrx_word' id='word_1_122' title='bbox 1252 2043 1386 2087; x_wconf 94' lang='lat' dir='ltr'>non</span> <span class='ocrx_word' id='word_1_123' title='bbox 1451 2021 1920 2105; x_wconf 90' lang='lat' dir='ltr'>decrevissent,</span> <span class='ocrx_word' id='word_1_124' title='bbox 1985 2023 2115 2087; x_wconf 93' lang='lat' dir='ltr'>nisi</span> <span class='ocrx_word' id='word_1_125' title='bbox 2159 2023 2444 2088; x_wconf 91' lang='lat' dir='ltr'>Marium</span> <span class='ocrx_word' id='word_1_126' title='bbox 2500 2026 2969 2088; x_wconf 85' lang='lat' dir='ltr'>exsecuturum</span> 
     </span>
     <span class='ocr_line' id='line_1_16' title="bbox 517 2136 2972 2223; baseline 0.001 -21"><span class='ocrx_word' id='word_1_127' title='bbox 517 2159 664 2202; x_wconf 92' lang='lat' dir='ltr'>esse</span> <span class='ocrx_word' id='word_1_128' title='bbox 726 2138 1214 2221; x_wconf 86' lang='lat' dir='ltr'>cognovissent,</span> <span class='ocrx_word' id='word_1_129' title='bbox 1276 2137 1641 2223; x_wconf 74' lang='lat' dir='ltr'>praesertim</span> <span class='ocrx_word' id='word_1_130' title='bbox 1705 2158 1855 2201; x_wconf 89' lang='lat' dir='ltr'>cum</span> <span class='ocrx_word' id='word_1_131' title='bbox 1900 2136 2209 2203; x_wconf 89' lang='lat' dir='ltr'>Valerius</span> <span class='ocrx_word' id='word_1_132' title='bbox 2256 2137 2534 2203; x_wconf 90' lang='lat' dir='ltr'>Flaccus</span> <span class='ocrx_word' id='word_1_133' title='bbox 2581 2142 2746 2204; x_wconf 87' lang='lat' dir='ltr'>nota</span> <span class='ocrx_word' id='word_1_134' title='bbox 2792 2142 2972 2204; x_wconf 87' lang='lat' dir='ltr'>esset</span> 
     </span>
     <span class='ocr_line' id='line_1_17' title="bbox 517 2252 2969 2341; baseline 0 -23"><span class='ocrx_word' id='word_1_135' title='bbox 517 2253 976 2319; x_wconf 89' lang='lat' dir='ltr'>imbecillitate</span> <span class='ocrx_word' id='word_1_136' title='bbox 1050 2252 1154 2340; x_wconf 84' lang='lat' dir='ltr'>(cf.</span> <span class='ocrx_word' id='word_1_137' title='bbox 1212 2274 1316 2339; x_wconf 92' lang='lat' dir='ltr'>pg.</span> <span class='ocrx_word' id='word_1_138' title='bbox 1383 2252 1512 2341; x_wconf 86' lang='grc'>20).</span> <span class='ocrx_word' id='word_1_139' title='bbox 1607 2252 1841 2318; x_wconf 87' lang='lat' dir='ltr'>Scauri</span> <span class='ocrx_word' id='word_1_140' title='bbox 1909 2252 2287 2320; x_wconf 89' lang='lat' dir='ltr'>adhortatio</span> <span class='ocrx_word' id='word_1_141' title='bbox 2356 2275 2513 2320; x_wconf 90' lang='lat' dir='ltr'>vero</span> <span class='ocrx_word' id='word_1_142' title='bbox 2584 2257 2758 2319; x_wconf 91' lang='lat' dir='ltr'>certe</span> <span class='ocrx_word' id='word_1_143' title='bbox 2833 2275 2969 2320; x_wconf 93' lang='lat' dir='ltr'>non</span> 
     </span>
     <span class='ocr_line' id='line_1_18' title="bbox 516 2367 2968 2455; baseline 0 -22"><span class='ocrx_word' id='word_1_144' title='bbox 516 2389 669 2434; x_wconf 92' lang='lat' dir='ltr'>eum</span> <span class='ocrx_word' id='word_1_145' title='bbox 717 2390 800 2434; x_wconf 88' lang='lat' dir='ltr'>ex</span> <span class='ocrx_word' id='word_1_146' title='bbox 844 2369 1108 2435; x_wconf 91' lang='lat' dir='ltr'>inimico</span> <span class='ocrx_word' id='word_1_147' title='bbox 1157 2369 1443 2435; x_wconf 89' lang='lat' dir='ltr'>amicum</span> <span class='ocrx_word' id='word_1_148' title='bbox 1489 2367 1795 2452; x_wconf 87' lang='lat' dir='ltr'>reddidit,</span> <span class='ocrx_word' id='word_1_149' title='bbox 1845 2368 1963 2434; x_wconf 92' lang='lat' dir='ltr'>sed</span> <span class='ocrx_word' id='word_1_150' title='bbox 2008 2368 2144 2433; x_wconf 91' lang='lat' dir='ltr'>iam</span> <span class='ocrx_word' id='word_1_151' title='bbox 2191 2369 2276 2435; x_wconf 93' lang='lat' dir='ltr'>ab</span> <span class='ocrx_word' id='word_1_152' title='bbox 2313 2369 2746 2455; x_wconf 89' lang='lat' dir='ltr'>optimatibus</span> <span class='ocrx_word' id='word_1_153' title='bbox 2780 2372 2968 2435; x_wconf 87' lang='lat' dir='ltr'>stan-</span> 
     </span>
     <span class='ocr_line' id='line_1_19' title="bbox 515 2483 2967 2571; baseline -0 -20"><span class='ocrx_word' id='word_1_154' title='bbox 515 2488 672 2568; x_wconf 91' lang='lat' dir='ltr'>tem,</span> <span class='ocrx_word' id='word_1_155' title='bbox 699 2484 1025 2550; x_wconf 90' lang='lat' dir='ltr'>incertum</span> <span class='ocrx_word' id='word_1_156' title='bbox 1048 2484 1353 2571; x_wconf 89' lang='lat' dir='ltr'>perpulit,</span> <span class='ocrx_word' id='word_1_157' title='bbox 1396 2486 1492 2568; x_wconf 75' lang='lat' dir='ltr'>ut,</span> <span class='ocrx_word' id='word_1_158' title='bbox 1521 2484 1578 2550; x_wconf 91' lang='lat' dir='ltr'>si</span> <span class='ocrx_word' id='word_1_159' title='bbox 1603 2483 1667 2550; x_wconf 82' lang='lat' dir='ltr'>S.</span> <span class='ocrx_word' id='word_1_160' title='bbox 1688 2483 1754 2550; x_wconf 79' lang='lat' dir='ltr'>G.</span> <span class='ocrx_word' id='word_1_161' title='bbox 1784 2483 2120 2551; x_wconf 90' lang='lat' dir='ltr'>decretum</span> <span class='ocrx_word' id='word_1_162' title='bbox 2146 2487 2344 2566; x_wconf 89' lang='lat' dir='ltr'>esset,</span> <span class='ocrx_word' id='word_1_163' title='bbox 2371 2505 2517 2550; x_wconf 91' lang='lat' dir='ltr'>sese</span> <span class='ocrx_word' id='word_1_164' title='bbox 2550 2484 2967 2571; x_wconf 88' lang='lat' dir='ltr'>obtempera-</span> 
     </span>
     <span class='ocr_line' id='line_1_20' title="bbox 514 2599 2968 2687; baseline -0.001 -21"><span class='ocrx_word' id='word_1_165' title='bbox 514 2605 740 2666; x_wconf 87' lang='lat' dir='ltr'>turum</span> <span class='ocrx_word' id='word_1_166' title='bbox 770 2601 1203 2687; x_wconf 89' lang='lat' dir='ltr'>promitteret.</span> <span class='ocrx_word' id='word_1_167' title='bbox 1252 2600 1359 2665; x_wconf 90' lang='lat' dir='ltr'>Ad</span> <span class='ocrx_word' id='word_1_168' title='bbox 1382 2600 1648 2666; x_wconf 88' lang='lat' dir='ltr'>Livium</span> <span class='ocrx_word' id='word_1_169' title='bbox 1679 2601 1882 2683; x_wconf 89' lang='lat' dir='ltr'>igitur</span> <span class='ocrx_word' id='word_1_170' title='bbox 1901 2604 2024 2666; x_wconf 89' lang='lat' dir='ltr'>aut</span> <span class='ocrx_word' id='word_1_171' title='bbox 2048 2600 2480 2666; x_wconf 89' lang='lat' dir='ltr'>Plutarchum</span> <span class='ocrx_word' id='word_1_172' title='bbox 2500 2599 2968 2666; x_wconf 89' lang='lat' dir='ltr'>recurrendum</span> 
     </span>
     <span class='ocr_line' id='line_1_21' title="bbox 515 2715 2966 2801; baseline 0 -19"><span class='ocrx_word' id='word_1_173' title='bbox 515 2720 636 2783; x_wconf 90' lang='lat' dir='ltr'>est.</span> <span class='ocrx_word' id='word_1_174' title='bbox 707 2716 994 2782; x_wconf 88' lang='lat' dir='ltr'>Liviana</span> <span class='ocrx_word' id='word_1_175' title='bbox 1026 2719 1255 2782; x_wconf 90' lang='lat' dir='ltr'>autem</span> <span class='ocrx_word' id='word_1_176' title='bbox 1286 2716 1602 2800; x_wconf 85' lang='lat' dir='ltr'>narratiO,</span> <span class='ocrx_word' id='word_1_177' title='bbox 1637 2737 1786 2801; x_wconf 84' lang='lat' dir='ltr'>quae</span> <span class='ocrx_word' id='word_1_178' title='bbox 1817 2716 2100 2781; x_wconf 91' lang='lat' dir='ltr'>Marium</span> <span class='ocrx_word' id='word_1_179' title='bbox 2133 2717 2547 2782; x_wconf 89' lang='lat' dir='ltr'>comitiorum</span> <span class='ocrx_word' id='word_1_180' title='bbox 2581 2715 2702 2799; x_wconf 86' lang='lat' dir='ltr'>die,</span> <span class='ocrx_word' id='word_1_181' title='bbox 2744 2716 2966 2782; x_wconf 90' lang='lat' dir='ltr'>animo</span> 
     </span>
     <span class='ocr_line' id='line_1_22' title="bbox 511 2831 2967 2919; baseline -0 -22"><span class='ocrx_word' id='word_1_182' title='bbox 511 2836 781 2919; x_wconf 90' lang='lat' dir='ltr'>repente</span> <span class='ocrx_word' id='word_1_183' title='bbox 852 2831 1218 2898; x_wconf 89' lang='lat' dir='ltr'>secundum</span> <span class='ocrx_word' id='word_1_184' title='bbox 1285 2831 1625 2897; x_wconf 84' lang='lat' dir='ltr'>fortunam</span> <span class='ocrx_word' id='word_1_185' title='bbox 1686 2835 1970 2914; x_wconf 86' lang='lat' dir='ltr'>mutat0,</span> <span class='ocrx_word' id='word_1_186' title='bbox 2043 2831 2131 2897; x_wconf 91' lang='lat' dir='ltr'>ad</span> <span class='ocrx_word' id='word_1_187' title='bbox 2188 2831 2445 2898; x_wconf 91' lang='lat' dir='ltr'>nobiles</span> <span class='ocrx_word' id='word_1_188' title='bbox 2505 2835 2967 2898; x_wconf 87' lang='lat' dir='ltr'>transeuntem</span> 
     </span>
     <span class='ocr_line' id='line_1_23' title="bbox 511 2945 2965 3034; baseline 0 -21"><span class='ocrx_word' id='word_1_189' title='bbox 511 2948 695 3031; x_wconf 85' lang='lat' dir='ltr'>facit,</span> <span class='ocrx_word' id='word_1_190' title='bbox 744 2948 1084 3013; x_wconf 88' lang='lat' dir='ltr'>Plutarchi</span> <span class='ocrx_word' id='word_1_191' title='bbox 1129 2947 1700 3014; x_wconf 85' lang='lat' dir='ltr'>narratiunculam</span> <span class='ocrx_word' id='word_1_192' title='bbox 1750 2945 1824 3033; x_wconf 90' lang='lat' dir='ltr'>(c.</span> <span class='ocrx_word' id='word_1_193' title='bbox 1861 2948 1976 3014; x_wconf 85' lang='lat'>30:</span> <span class='ocrx_word' id='word_1_194' title='bbox 2038 2968 2168 3032; x_wconf 96' lang='lat' dir='ltr'>quo</span> <span class='ocrx_word' id='word_1_195' title='bbox 2215 2947 2357 3015; x_wconf 95' lang='lat' dir='ltr'>loco</span> <span class='ocrx_word' id='word_1_196' title='bbox 2415 2969 2455 3013; x_wconf 89' lang='lat' dir='ltr'>a</span> <span class='ocrx_word' id='word_1_197' title='bbox 2504 2948 2816 3034; x_wconf 89' lang='lat' dir='ltr'>scriptore</span> <span class='ocrx_word' id='word_1_198' title='bbox 2863 2948 2965 3013; x_wconf 92' lang='lat' dir='ltr'>in-</span> 
     </span>
     <span class='ocr_line' id='line_1_24' title="bbox 513 3062 2963 3153; baseline -0 -24"><span class='ocrx_word' id='word_1_199' title='bbox 513 3066 693 3129; x_wconf 90' lang='lat' dir='ltr'>serta</span> <span class='ocrx_word' id='word_1_200' title='bbox 717 3066 840 3146; x_wconf 90' lang='lat' dir='ltr'>est,</span> <span class='ocrx_word' id='word_1_201' title='bbox 881 3068 959 3128; x_wconf 89' lang='lat' dir='ltr'>ut</span> <span class='ocrx_word' id='word_1_202' title='bbox 987 3084 1137 3128; x_wconf 91' lang='lat' dir='ltr'>cum</span> <span class='ocrx_word' id='word_1_203' title='bbox 1160 3063 1350 3129; x_wconf 88' lang='lat' dir='ltr'>Livio</span> <span class='ocrx_word' id='word_1_204' title='bbox 1401 3066 1741 3146; x_wconf 83' lang='lat' dir='ltr'>congruat,</span> <span class='ocrx_word' id='word_1_205' title='bbox 1794 3084 1943 3129; x_wconf 90' lang='lat' dir='ltr'>eam</span> <span class='ocrx_word' id='word_1_206' title='bbox 1968 3085 2234 3129; x_wconf 87' lang='lat' dir='ltr'>movere</span> <span class='ocrx_word' id='word_1_207' title='bbox 2284 3062 2481 3153; x_wconf 90' lang='lat' dir='ltr'>[quod</span> <span class='ocrx_word' id='word_1_208' title='bbox 2512 3064 2963 3129; x_wconf 91' lang='lat' dir='ltr'>Mommsenus</span> 
     </span>
     <span class='ocr_line' id='line_1_25' title="bbox 511 3176 2964 3268; baseline 0.001 -25"><span class='ocrx_word' id='word_1_209' title='bbox 511 3178 700 3244; x_wconf 76' lang='lat' dir='ltr'>Rom.</span> <span class='ocrx_word' id='word_1_210' title='bbox 757 3176 995 3245; x_wconf 86' lang='lat' dir='ltr'>Gesch.</span> <span class='ocrx_word' id='word_1_211' title='bbox 1045 3178 1151 3262; x_wconf 71' lang='lat' dir='ltr'>IIS,</span> <span class='ocrx_word' id='word_1_212' title='bbox 1214 3199 1318 3265; x_wconf 92' lang='lat' dir='ltr'>pg.</span> <span class='ocrx_word' id='word_1_213' title='bbox 1355 3180 1486 3245; x_wconf 80' lang='grc'>205</span> <span class='ocrx_word' id='word_1_214' title='bbox 1546 3177 1730 3268; x_wconf 86' lang='lat' dir='ltr'>facit]</span> <span class='ocrx_word' id='word_1_215' title='bbox 1779 3179 2050 3267; x_wconf 77' lang='lat' dir='ltr'>nolim),</span> <span class='ocrx_word' id='word_1_216' title='bbox 2113 3201 2262 3265; x_wconf 83' lang='lat' dir='ltr'>quae</span> <span class='ocrx_word' id='word_1_217' title='bbox 2315 3179 2603 3245; x_wconf 89' lang='lat' dir='ltr'>multum</span> <span class='ocrx_word' id='word_1_218' title='bbox 2649 3179 2964 3265; x_wconf 89' lang='lat' dir='ltr'>temporis</span> 
     </span>
     <span class='ocr_line' id='line_1_26' title="bbox 511 3293 2966 3379; baseline 0.001 -22"><span class='ocrx_word' id='word_1_219' title='bbox 511 3293 836 3359; x_wconf 88' lang='lat' dir='ltr'>incertum</span> <span class='ocrx_word' id='word_1_220' title='bbox 884 3297 1442 3378; x_wconf 87' lang='lat' dir='ltr'>cunctantemque</span> <span class='ocrx_word' id='word_1_221' title='bbox 1490 3315 1643 3359; x_wconf 90' lang='lat' dir='ltr'>eum</span> <span class='ocrx_word' id='word_1_222' title='bbox 1698 3294 2132 3379; x_wconf 88' lang='lat' dir='ltr'>demonstrat,</span> <span class='ocrx_word' id='word_1_223' title='bbox 2179 3317 2316 3361; x_wconf 93' lang='lat' dir='ltr'>non</span> <span class='ocrx_word' id='word_1_224' title='bbox 2371 3295 2687 3361; x_wconf 89' lang='lat' dir='ltr'>admittit.</span> <span class='ocrx_word' id='word_1_225' title='bbox 2751 3296 2966 3376; x_wconf 79' lang='lat' dir='ltr'>Quam</span> 
     </span>
     <span class='ocr_line' id='line_1_27' title="bbox 511 3408 2964 3499; baseline 0 -26"><span class='ocrx_word' id='word_1_226' title='bbox 511 3411 740 3474; x_wconf 90' lang='lat' dir='ltr'>tamen</span> <span class='ocrx_word' id='word_1_227' title='bbox 787 3408 981 3474; x_wconf 90' lang='lat' dir='ltr'>solito</span> <span class='ocrx_word' id='word_1_228' title='bbox 1030 3431 1194 3474; x_wconf 92' lang='lat' dir='ltr'>usus</span> <span class='ocrx_word' id='word_1_229' title='bbox 1227 3409 1532 3475; x_wconf 92' lang='lat' dir='ltr'>acumine</span> <span class='ocrx_word' id='word_1_230' title='bbox 1563 3410 2016 3477; x_wconf 90' lang='lat' dir='ltr'>Mommsenus</span> <span class='ocrx_word' id='word_1_231' title='bbox 2050 3411 2116 3496; x_wconf 91' lang='lat' dir='ltr'>(l.</span> <span class='ocrx_word' id='word_1_232' title='bbox 2151 3410 2216 3499; x_wconf 86' lang='lat' dir='ltr'>l.)</span> <span class='ocrx_word' id='word_1_233' title='bbox 2250 3432 2385 3476; x_wconf 91' lang='lat' dir='ltr'>non</span> <span class='ocrx_word' id='word_1_234' title='bbox 2418 3433 2460 3477; x_wconf 93' lang='lat' dir='ltr'>a</span> <span class='ocrx_word' id='word_1_235' title='bbox 2489 3410 2964 3497; x_wconf 88' lang='lat' dir='ltr'>posterioribus</span> 
     </span>
     <span class='ocr_line' id='line_1_28' title="bbox 512 3524 2962 3612; baseline 0 -23"><span class='ocrx_word' id='word_1_236' title='bbox 512 3524 940 3610; x_wconf 87' lang='lat' dir='ltr'>scriptoribus</span> <span class='ocrx_word' id='word_1_237' title='bbox 987 3524 1354 3608; x_wconf 87' lang='lat' dir='ltr'>inventam,</span> <span class='ocrx_word' id='word_1_238' title='bbox 1418 3525 1536 3591; x_wconf 93' lang='lat' dir='ltr'>sed</span> <span class='ocrx_word' id='word_1_239' title='bbox 1594 3526 1736 3612; x_wconf 91' lang='lat' dir='ltr'>ipso</span> <span class='ocrx_word' id='word_1_240' title='bbox 1769 3526 1880 3592; x_wconf 90' lang='lat' dir='ltr'>illo</span> <span class='ocrx_word' id='word_1_241' title='bbox 1929 3530 2222 3612; x_wconf 89' lang='lat' dir='ltr'>tempore</span> <span class='ocrx_word' id='word_1_242' title='bbox 2267 3526 2497 3591; x_wconf 74' lang='lat' dir='ltr'>Romae</span> <span class='ocrx_word' id='word_1_243' title='bbox 2546 3526 2631 3590; x_wconf 91' lang='lat' dir='ltr'>ab</span> <span class='ocrx_word' id='word_1_244' title='bbox 2679 3524 2962 3589; x_wconf 88' lang='lat' dir='ltr'>inimicis</span> 
     </span>
     <span class='ocr_line' id='line_1_29' title="bbox 508 3639 2963 3728; baseline 0 -24"><span class='ocrx_word' id='word_1_245' title='bbox 508 3639 741 3705; x_wconf 86' lang='lat' dir='ltr'>fictam</span> <span class='ocrx_word' id='word_1_246' title='bbox 802 3659 948 3704; x_wconf 92' lang='lat' dir='ltr'>esse</span> <span class='ocrx_word' id='word_1_247' title='bbox 1009 3641 1338 3722; x_wconf 87' lang='lat' dir='ltr'>cognovit.</span> <span class='ocrx_word' id='word_1_248' title='bbox 1434 3641 1845 3728; x_wconf 80' lang='lat' dir='ltr'>Quapropter</span> <span class='ocrx_word' id='word_1_249' title='bbox 1903 3641 2135 3708; x_wconf 89' lang='lat' dir='ltr'>Livius</span> <span class='ocrx_word' id='word_1_250' title='bbox 2193 3641 2563 3707; x_wconf 88' lang='lat' dir='ltr'>reiciendus</span> <span class='ocrx_word' id='word_1_251' title='bbox 2618 3643 2741 3724; x_wconf 90' lang='lat' dir='ltr'>est,</span> <span class='ocrx_word' id='word_1_252' title='bbox 2805 3639 2963 3705; x_wconf 94' lang='lat' dir='ltr'>Plu-</span> 
     </span>
     <span class='ocr_line' id='line_1_30' title="bbox 507 3754 2964 3846; baseline 0 -27"><span class='ocrx_word' id='word_1_253' title='bbox 507 3755 781 3820; x_wconf 89' lang='lat' dir='ltr'>tarchus</span> <span class='ocrx_word' id='word_1_254' title='bbox 841 3754 912 3819; x_wconf 89' lang='lat' dir='ltr'>in</span> <span class='ocrx_word' id='word_1_255' title='bbox 972 3775 1047 3820; x_wconf 97' lang='grc'>00</span> <span class='ocrx_word' id='word_1_256' title='bbox 1108 3754 1510 3846; x_wconf 90' lang='lat' dir='ltr'>probandus,</span> <span class='ocrx_word' id='word_1_257' title='bbox 1560 3756 1737 3842; x_wconf 90' lang='lat' dir='ltr'>quod</span> <span class='ocrx_word' id='word_1_258' title='bbox 1810 3758 2096 3823; x_wconf 90' lang='lat' dir='ltr'>Marium</span> <span class='ocrx_word' id='word_1_259' title='bbox 2161 3761 2314 3844; x_wconf 89' lang='lat' dir='ltr'>post</span> <span class='ocrx_word' id='word_1_260' title='bbox 2373 3756 2642 3822; x_wconf 90' lang='lat' dir='ltr'>Memmi</span> <span class='ocrx_word' id='word_1_261' title='bbox 2719 3755 2964 3822; x_wconf 84' lang='lat' dir='ltr'>caedem</span> 
     </span>
     <span class='ocr_line' id='line_1_31' title="bbox 508 3869 2961 3957; baseline 0 -22"><span class='ocrx_word' id='word_1_262' title='bbox 508 3869 805 3935; x_wconf 92' lang='lat' dir='ltr'>nondum</span> <span class='ocrx_word' id='word_1_263' title='bbox 875 3872 1094 3936; x_wconf 90' lang='lat' dir='ltr'>totum</span> <span class='ocrx_word' id='word_1_264' title='bbox 1164 3892 1235 3936; x_wconf 92' lang='lat' dir='ltr'>se</span> <span class='ocrx_word' id='word_1_265' title='bbox 1306 3872 1758 3957; x_wconf 17' lang='lat' dir='ltr'>optimatibus,</span> <span class='ocrx_word' id='word_1_266' title='bbox 1806 3871 2066 3938; x_wconf 84' lang='lat' dir='ltr'>dedisse</span> <span class='ocrx_word' id='word_1_267' title='bbox 2134 3872 2309 3940; x_wconf 90' lang='lat' dir='ltr'>dicit.</span> <span class='ocrx_word' id='word_1_268' title='bbox 2403 3872 2501 3939; x_wconf 88' lang='lat' dir='ltr'>Re</span> <span class='ocrx_word' id='word_1_269' title='bbox 2562 3894 2724 3938; x_wconf 90' lang='lat' dir='ltr'>vera</span> <span class='ocrx_word' id='word_1_270' title='bbox 2783 3872 2961 3938; x_wconf 90' lang='lat' dir='ltr'>enim</span> 
     </span>
     <span class='ocr_line' id='line_1_32' title="bbox 509 3984 2962 4075; baseline 0.001 -25"><span class='ocrx_word' id='word_1_271' title='bbox 509 3984 767 4070; x_wconf 85' lang='lat' dir='ltr'>equites</span> <span class='ocrx_word' id='word_1_272' title='bbox 817 3984 1082 4050; x_wconf 91' lang='lat' dir='ltr'>demum</span> <span class='ocrx_word' id='word_1_273' title='bbox 1129 4007 1279 4051; x_wconf 92' lang='lat' dir='ltr'>cum</span> <span class='ocrx_word' id='word_1_274' title='bbox 1327 3991 1570 4053; x_wconf 89' lang='lat' dir='ltr'>senatu</span> <span class='ocrx_word' id='word_1_275' title='bbox 1618 3989 2075 4075; x_wconf 89' lang='lat' dir='ltr'>conspirantes</span> <span class='ocrx_word' id='word_1_276' title='bbox 2108 4010 2261 4055; x_wconf 89' lang='lat' dir='ltr'>eum</span> <span class='ocrx_word' id='word_1_277' title='bbox 2291 3988 2697 4075; x_wconf 87' lang='lat' dir='ltr'>permovisse</span> <span class='ocrx_word' id='word_1_278' title='bbox 2728 3987 2962 4053; x_wconf 87' lang='lat' dir='ltr'>viden-</span> 
     </span>
     <span class='ocr_line' id='line_1_33' title="bbox 505 4099 2961 4188; baseline 0.002 -23"><span class='ocrx_word' id='word_1_279' title='bbox 505 4103 618 4165; x_wconf 90' lang='lat' dir='ltr'>tur</span> <span class='ocrx_word' id='word_1_280' title='bbox 664 4099 766 4188; x_wconf 84' lang='lat' dir='ltr'>(cf.</span> <span class='ocrx_word' id='word_1_281' title='bbox 804 4100 930 4167; x_wconf 86' lang='lat' dir='ltr'>Cic.</span> <span class='ocrx_word' id='word_1_282' title='bbox 977 4123 1091 4188; x_wconf 95' lang='lat' dir='ltr'>pro</span> <span class='ocrx_word' id='word_1_283' title='bbox 1138 4101 1308 4168; x_wconf 88' lang='lat' dir='ltr'>Rab.</span> <span class='ocrx_word' id='word_1_284' title='bbox 1343 4104 1449 4186; x_wconf 90' lang='grc'>20,</span> <span class='ocrx_word' id='word_1_285' title='bbox 1499 4105 1605 4186; x_wconf 95' lang='grc'>21,</span> <span class='ocrx_word' id='word_1_286' title='bbox 1655 4105 1762 4187; x_wconf 82' lang='grc'>27,</span> <span class='ocrx_word' id='word_1_287' title='bbox 1814 4104 1893 4170; x_wconf 86' lang='lat' dir='ltr'>cf.</span> <span class='ocrx_word' id='word_1_288' title='bbox 1930 4107 2035 4171; x_wconf 88' lang='grc'>24.</span> <span class='ocrx_word' id='word_1_289' title='bbox 2116 4104 2298 4171; x_wconf 93' lang='lat' dir='ltr'>Oros.</span> <span class='ocrx_word' id='word_1_290' title='bbox 2331 4103 2413 4188; x_wconf 88' lang='lat' dir='ltr'>V,</span> <span class='ocrx_word' id='word_1_291' title='bbox 2467 4106 2568 4186; x_wconf 86' lang='lat'>17,</span> <span class='ocrx_word' id='word_1_292' title='bbox 2598 4106 2665 4169; x_wconf 84' lang='lat'>6:</span> <span class='ocrx_word' id='word_1_293' title='bbox 2712 4125 2961 4170; x_wconf 76' lang='lat' dir='ltr'>consen-</span> 
     </span>
     <span class='ocr_line' id='line_1_34' title="bbox 504 4216 2961 4308; baseline 0 -26"><span class='ocrx_word' id='word_1_294' title='bbox 504 4221 605 4283; x_wconf 80' lang='lat' dir='ltr'>sui</span> <span class='ocrx_word' id='word_1_295' title='bbox 650 4216 948 4284; x_wconf 80' lang='lat' dir='ltr'>bonorum</span> <span class='ocrx_word' id='word_1_296' title='bbox 992 4239 1115 4285; x_wconf 83' lang='lat' dir='ltr'>sese</span> <span class='ocrx_word' id='word_1_297' title='bbox 1161 4223 1506 4297; x_wconf 77' lang='lat' dir='ltr'>immiscuit,</span> <span class='ocrx_word' id='word_1_298' title='bbox 1554 4219 1728 4285; x_wconf 93' lang='lat' dir='ltr'>Plut.</span> <span class='ocrx_word' id='word_1_299' title='bbox 1764 4242 1868 4306; x_wconf 88' lang='lat' dir='ltr'>pg.</span> <span class='ocrx_word' id='word_1_300' title='bbox 1906 4221 2055 4304; x_wconf 86' lang='grc'>362,</span> <span class='ocrx_word' id='word_1_301' title='bbox 2091 4219 2395 4308; x_wconf 81' lang='grc'>30-32).</span> <span class='ocrx_word' id='word_1_302' title='bbox 2471 4219 2771 4285; x_wconf 86' lang='lat' dir='ltr'>Perfecto</span> <span class='ocrx_word' id='word_1_303' title='bbox 2819 4222 2961 4283; x_wconf 90' lang='lat' dir='ltr'>tur-</span> 
     </span>
     <span class='ocr_line' id='line_1_35' title="bbox 504 4331 2960 4422; baseline 0.001 -26"><span class='ocrx_word' id='word_1_304' title='bbox 504 4331 952 4398; x_wconf 90' lang='lat' dir='ltr'>bulentissimi</span> <span class='ocrx_word' id='word_1_305' title='bbox 1027 4333 1166 4400; x_wconf 90' lang='lat' dir='ltr'>dies</span> <span class='ocrx_word' id='word_1_306' title='bbox 1221 4338 1432 4418; x_wconf 91' lang='lat' dir='ltr'>erant,</span> <span class='ocrx_word' id='word_1_307' title='bbox 1482 4335 1596 4422; x_wconf 92' lang='lat' dir='ltr'>qui</span> <span class='ocrx_word' id='word_1_308' title='bbox 1657 4335 1721 4401; x_wconf 83' lang='lat' dir='ltr'>S.</span> <span class='ocrx_word' id='word_1_309' title='bbox 1760 4336 1824 4401; x_wconf 83' lang='lat' dir='ltr'>O.</span> <span class='ocrx_word' id='word_1_310' title='bbox 1890 4335 2405 4402; x_wconf 88' lang='lat' dir='ltr'>antecedebant:</span> <span class='ocrx_word' id='word_1_311' title='bbox 2465 4335 2544 4401; x_wconf 95' lang='lat' dir='ltr'>de</span> <span class='ocrx_word' id='word_1_312' title='bbox 2600 4335 2960 4401; x_wconf 85' lang='lat' dir='ltr'>Saturnino</span> 
     </span>
     <span class='ocr_line' id='line_1_36' title="bbox 503 4447 2960 4538; baseline 0.002 -26"><span class='ocrx_word' id='word_1_313' title='bbox 503 4447 620 4513; x_wconf 87' lang='lat' dir='ltr'>vix</span> <span class='ocrx_word' id='word_1_314' title='bbox 650 4448 976 4515; x_wconf 90' lang='lat' dir='ltr'>credenda</span> <span class='ocrx_word' id='word_1_315' title='bbox 991 4450 1640 4535; x_wconf 86' lang='lat' dir='ltr'>circumferebantur,</span> <span class='ocrx_word' id='word_1_316' title='bbox 1658 4473 1874 4537; x_wconf 90' lang='lat' dir='ltr'>neque</span> <span class='ocrx_word' id='word_1_317' title='bbox 1896 4452 2109 4518; x_wconf 73' lang='lat' dir='ltr'>solitae</span> <span class='ocrx_word' id='word_1_318' title='bbox 2121 4452 2397 4538; x_wconf 86' lang='lat' dir='ltr'>proferri</span> <span class='ocrx_word' id='word_1_319' title='bbox 2427 4453 2498 4518; x_wconf 90' lang='lat' dir='ltr'>in</span> <span class='ocrx_word' id='word_1_320' title='bbox 2522 4454 2825 4519; x_wconf 91' lang='lat' dir='ltr'>tribunos</span> <span class='ocrx_word' id='word_1_321' title='bbox 2856 4473 2960 4517; x_wconf 88' lang='lat' dir='ltr'>se-</span> 
     </span>
    </p>
   </div>
  </div>
 </body>
</html>
