3485 5069
1575 360 1928 413 -68-

735 536 909 602 Nam
954 536 1025 601 in
1071 534 1278 602 Grani
1324 536 1649 601 Liciniani
1694 536 1837 602 loco
1888 536 2012 624 (pg.
2053 539 2154 622 13,
2210 540 2311 605 12.
2367 541 2448 604 13
2497 539 2597 606 6(1.
2647 541 2979 608 Flemisch

524 653 829 718 Teubner
885 652 1104 740 1903):
1160 652 1308 735 „Cn.
1359 653 1624 748 Mallius
1670 654 1741 718 ob
1796 656 2050 721 eandem
2106 676 2361 722 causam
2412 679 2602 738 quam
2654 665 2712 723 et
2769 658 2976 742 Coepz’o

522 769 601 836 L.
627 770 958 835 Saturnini
987 773 1304 853 roqatione
1334 791 1364 834 e
1396 772 1638 835 civitate
1660 769 1972 851 plebiscito
2008 768 2124 855 (sic
2148 774 2323 836 recte
2344 771 2665 858 Bernays)
2691 775 2974 852 eiectam&

523 885 656 970 qui,
728 883 903 970 quod
963 882 1259 950 ordinem
1305 884 1706 949 narrationis
1755 885 1998 967 turbet,
2058 908 2100 950 a
2145 886 2599 952 Dieckmanno
2664 888 2980 975 (Berliner

523 1000 803 1067 Studien
833 999 987 1065 XVI
1029 1001 1089 1082 3,
1140 1021 1242 1086 pg.
1278 1000 1363 1065 39
1389 1001 1509 1086 sq.)
1560 998 1767 1065 Grani
1811 1000 1985 1065 fonti
2031 1000 2443 1085 secundari0,
2492 1025 2535 1068 a
2582 1004 2974 1072 Flemischio

523 1117 640 1204 (De
675 1115 920 1182 Granio
954 1115 1294 1181 Liciniano
1328 1115 1501 1181 Diss,
1536 1115 1802 1181 Miinch.
1835 1118 2024 1198 1900,
2074 1139 2179 1203 pg.
2215 1119 2327 1200 243
2377 1117 2531 1184 edit.
2564 1141 2665 1205 pg.
2691 1120 2803 1207 XI)
2838 1143 2978 1187 una

523 1255 673 1299 cum
726 1232 1101 1298 enuntiato:
1164 1233 1314 1317 „hoc
1365 1252 1532 1298 anno
1580 1232 1689 1298 Cn.
1733 1233 2065 1315 Pompeius
2118 1240 2306 1299 natus
2358 1240 2446 1300 est
2493 1242 2676 1317 atque
2722 1237 2975 1303 Cicero“

521 1348 903 1415 adnotatori
948 1347 1281 1430 tribuitur,
1332 1348 1621 1430 tertium,
1673 1346 1850 1433 quod
1890 1352 2188 1431 vocatur,
2238 1351 2751 1436 comparationis
2798 1356 2975 1418 recte

521 1466 655 1531 iam
701 1464 1197 1529 Dieckmannus
1243 1463 1312 1528 in
1367 1461 1637 1546 „eadem
1686 1467 1928 1529 causa“
1982 1465 2275 1550 positum
2335 1487 2480 1531 esse
2541 1466 2712 1532 vidit
2759 1489 2974 1553 neque

521 1578 1044 1646 concludendum
1070 1582 1175 1644 est
1198 1578 1567 1665 Caepionem
1593 1582 1716 1645 aut
1741 1579 2159 1646 aSaturnino
2188 1585 2578 1647 accusatum
2605 1586 2726 1648 aut
2750 1605 2785 1648 e
2812 1584 2973 1649 civi-

518 1701 662 1762 tate
710 1697 994 1762 eiectum
1026 1717 1191 1761 esse.
1240 1697 1462 1780 Atque
1509 1693 1714 1760 Grani
1761 1695 2004 1778 verbis,
2054 1697 2319 1762 etiamsi
2367 1719 2448 1762 ex
2495 1697 2625 1763 alio
2660 1700 2974 1785 scriptore

520 1812 906 1899 deprompta
953 1814 1132 1893 sunt,
1180 1809 1393 1882 fidem⁴
1417 1831 1532 1875 cur
1564 1811 1980 1895 abrogemUS,
2015 1811 2202 1877 nulla
2233 1813 2403 1878 ratio
2440 1817 2561 1879 est.
2634 1814 2731 1879 De
2763 1815 2972 1901 primo

518 1933 745 1994 autem
779 1927 1123 1994 Saturnini
1156 1926 1503 1991 tribunatu
1538 1927 1826 2009 cogitare
1858 1931 2155 2013 praestat,
2192 1928 2349 2013 quia
2374 1951 2416 1993 a
2439 1932 2732 2015 tempore
2767 1929 2972 1996 cladis

517 2045 767 2109 minore
816 2043 1032 2129 spatio
1074 2041 1300 2107 distat.
1383 2041 1496 2107 Cn.
1531 2041 1798 2107 Mallius
1847 2043 2048 2125 igitur
2093 2066 2153 2110 a.
2210 2045 2335 2109 103
2384 2045 2470 2110 ab
2518 2046 2809 2111 Antonio
2858 2045 2972 2111 de-

515 2159 748 2225 fensus
814 2158 962 2244 (Cic.
1014 2157 1093 2223 de
1155 2160 1320 2222 orat.
1371 2158 1447 2240 H,
1502 2159 1650 2245 125)
1713 2162 1836 2224 aut
1895 2162 2053 2224 ante
2109 2163 2448 2245 peractam
2498 2181 2792 2243 causam,
2851 2165 2975 2227 aut

518 2274 878 2341 damnatus
925 2274 995 2339 in
1042 2273 1312 2339 exilium
1359 2274 1694 2359 profectus
1744 2278 1865 2340 est.
1900 2275 1941 2361 ¹)
2036 2273 2165 2339 Sed
2221 2275 2466 2358 Lengle
2512 2298 2616 2362 pg.
2668 2277 2747 2341 31
2801 2277 2976 2342 inter

527 2390 1010 2474 „rogationem“
1051 2393 1120 2455 et
1158 2389 1651 2475 „plebiscitum“
1701 2389 1907 2455 Grani
1955 2389 2372 2472 distinguens
2421 2391 2727 2457 subtilior
2769 2413 2970 2477 quam

517 2505 918 2594 probabilior
964 2509 1069 2572 est
1113 2527 1328 2593 neque
1375 2504 1514 2571 ulla
1560 2505 1848 2589 vestigia
1880 2505 2115 2589 latent,
2151 2528 2299 2592 quae
2332 2506 2544 2590 legem
2577 2507 2970 2594 Appuleiam

517 2622 828 2688 indicent.
907 2624 1001 2687 At
1047 2623 1292 2708 optime
1340 2622 1670 2704 convenit,
1728 2621 1904 2706 quod
1936 2622 2202 2688 Mallius
2240 2623 2435 2688 exilio
2469 2645 2684 2708 neque
2716 2624 2971 2710 imperii

518 2739 949 2821 abrogatione
996 2738 1341 2820 multatur,
1392 2736 1567 2823 quod
1616 2759 1658 2802 a
1689 2738 2050 2803 Saturnino
2092 2761 2307 2825 neque
2342 2760 2383 2803 a
2413 2739 2726 2805 Norbano
2775 2761 2970 2805 accu-

518 2858 725 2937 satur,
774 2859 853 2920 ut
899 2876 1011 2941 pro
1062 2857 1238 2920 certo
1284 2857 1656 2936 teneamuS,
1707 2875 1842 2919 non
1890 2876 2022 2919 uno
2067 2853 2428 2940 eodemque
2477 2876 2653 2920 anno
2702 2855 2770 2920 in
2818 2876 2971 2920 eum

522 2975 591 3036 et
635 2971 704 3036 in
754 2970 1124 3057 Caepionem
1174 2973 1400 3035 actum
1450 2991 1616 3035 esse.

728 3086 1243 3151 Damnationem
1272 3086 1594 3171 Caepionis
1627 3107 1669 3150 a
1693 3085 2005 3150 Norbano
2038 3089 2488 3171 perpetratam
2514 3086 2970 3173 amissumque

515 3201 657 3284 lege
691 3202 923 3267 Cassia
968 3201 1283 3265 honorem
1331 3201 1739 3265 senatorium
1770 3200 2199 3286 popularibus
2233 3200 2525 3267 nondum
2560 3202 2727 3267 satis
2759 3224 2970 3288 poenae

515 3316 665 3382 visa
696 3338 842 3381 esse
890 3316 1223 3401 quaestio
1268 3316 1438 3380 auri
1470 3314 1846 3381 Tolosani
1896 3315 1959 3402 (a
1992 3316 2298 3382 Cicerone
2332 3315 2411 3381 de
2446 3315 2544 3382 de.
2573 3321 2712 3382 nat.
2741 3318 2846 3399 III,
2886 3319 2969 3381 74

515 3431 1051 3518 commemorata)
1089 3430 1296 3498 docet.
1362 3431 1576 3517 Caepio
1603 3432 1778 3496 enim
1805 3431 2037 3496 consul
2069 3454 2128 3496 a.
2162 3435 2287 3497 106
2313 3432 2624 3497 Tolosam
2656 3431 2967 3518 oppidum

515 3545 875 3628 Gallorum,
926 3544 1102 3631 quod
1150 3568 1192 3610 a
1236 3546 1557 3612 Romanis
1606 3546 1958 3629 defecerat,
2011 3551 2274 3632 ceperat
2321 3548 2805 3633 thesaurosque
2864 3549 2967 3613 in-

513 3665 765 3746 genteS,
801 3683 967 3747 quos
999 3660 1152 3727 inde
1195 3684 1236 3727 a
1266 3662 1509 3728 Brenni
1540 3663 1950 3748 temporibus
1986 3684 2061 3728 eo
2097 3662 2372 3728 collatos
2407 3684 2553 3728 esse
2588 3663 2966 3747 credebant,

513 3800 548 3844 e
582 3778 826 3865 templo
853 3782 1168 3864 rapuerat
1194 3777 1495 3865 (Oros.V,
1531 3780 1629 3858 15,
1658 3780 1770 3861 25,
1797 3778 1918 3843 Dio
1947 3779 2128 3844 Cass
2155 3777 2420 3859 XXVII,
2449 3780 2562 3861 903
2598 3779 2837 3844 Strabo
2855 3779 2963 3862 IV,

511 3915 615 3980 pg.
649 3896 801 3977 1883
850 3893 1013 3960 Gell.
1042 3895 1147 3977 III,
1175 3896 1236 3976 9,
1269 3897 1330 3976 73
1362 3894 1607 3959 Justin.
1634 3894 1899 3976 XXXII,
1928 3895 1987 3976 3,
2021 3895 2145 3981 10).
2225 3897 2445 3977 Atque
2477 3894 2780 3979 primum,
2816 3916 2971 3979 qua

731 4136 764 4200 ¹)
802 4135 1070 4187 Damnato
1111 4135 1363 4202 Caepione
1390 4135 1635 4186 Mallium
1675 4134 1929 4185 iudicium
1969 4151 2074 4187 non
2118 4135 2507 4201 exspectavisse
2548 4134 2658 4200 sed,
2697 4140 2757 4185 ut
2795 4135 2969 4201 Popil-

512 4227 641 4278 lium
680 4240 726 4276 a.
756 4225 857 4278 107
898 4240 931 4276 a
969 4225 1186 4276 tribuno
1224 4226 1295 4290 pl.
1337 4224 1632 4275 maiestatis
1676 4231 1988 4275 accusatum
2039 4224 2170 4289 (Cic.
2198 4223 2266 4275 de
2304 4224 2507 4275 invent.
2536 4223 2606 4289 II,
2633 4223 2720 4289 72,
2758 4223 2825 4275 de
2865 4225 2963 4290 leg.

511 4316 606 4382 ΙΙΙ,
632 4315 719 4380 36,
746 4316 905 4364 Auct.
934 4313 1002 4364 ad
1024 4313 1150 4364 Her.
1180 4313 1223 4379 Ι,
1245 4313 1329 4379 25,
1359 4313 1451 4379 IV,
1473 4314 1559 4379 34,
1587 4315 1781 4364 Ascon.
1802 4314 1855 4364 in
1879 4312 2038 4364 Corn.
2067 4312 2136 4365 69
2162 4313 2228 4376 Κ,
2258 4311 2494 4378 oros.,V,
2525 4313 2608 4378 15,
2630 4313 2716 4377 ⁶24,
2743 4313 2969 4365 Momm-

510 4420 619 4470 sen,
658 4401 962 4455 Strafrecht
988 4403 1108 4468 171,
1132 4403 1181 4469 1,
1219 4401 1556 4454 Staatsrecht
1596 4401 1689 4469 11³,
1726 4402 1850 4468 323,
1873 4403 1940 4468 6),
1980 4418 2035 4453 se
2075 4402 2248 4468 ipsum
2287 4400 2481 4452 iudicio
2521 4402 2778 4453 exemisse
2818 4401 2965 4452 haud

507 4493 800 4545 absurdum
839 4499 951 4560 est3
993 4492 1094 4544 nisi
1132 4489 1274 4544 forte
1314 4491 1497 4543 Cicero
1535 4491 1601 4542 de
1641 4499 1777 4543 orat.
1804 4492 1872 4558 II,
1901 4492 2001 4545 125
2039 4498 2322 4556 repugnat.
