3485 5069
661 980 792 1070 lv,
862 977 1077 1079 RES
1146 977 1598 1089 GESTAE,
1668 979 1992 1094 QUAS
2063 979 2914 1083 COMMEMORA-

641 1144 663 1170 ¹*
862 1155 1259 1266 vuuus,
1330 1158 1897 1259 BREWTER
1962 1158 2699 1260 NARRANTUR.

775 1571 1009 1634 Anno
1064 1569 1209 1651 105,
1283 1591 1510 1635 mense
1557 1569 1918 1635 Novembri
1980 1573 2102 1635 aut
2159 1570 2523 1652 Decembri,
2574 1569 2644 1649 Q.
2696 1567 3015 1633 Servilius

563 1685 800 1771 Gaepio,
851 1684 1027 1769 quod
1075 1686 1218 1750 eius
1267 1685 1461 1771 culpa
1507 1686 1836 1750 exercitus
1883 1685 2229 1751 Romanus
2277 1684 2454 1772 apud
2485 1685 2927 1751 Arausionem
2975 1705 3017 1749 a

565 1800 843 1865 Cimbris
893 1800 1153 1866 deletus
1200 1801 1306 1883 sit,
1358 1823 1400 1865 a
1430 1801 1744 1866 Norbano
1792 1801 2060 1867 tribuno
2108 1800 2194 1887 pl.
2243 1823 2396 1867 reus
2445 1802 2707 1867 citatur.
2795 1803 3016 1887 Atque

564 1937 972 2001 quamquam
1018 1917 1373 2002 proconsul
1419 1917 1485 1981 in
1536 1916 1920 1982 defensione
1957 1916 2334 1999 ,fortunam‘
2371 1917 2597 2003 culpat
2635 1917 3016 2001 tribunique

563 2031 648 2118 pl.
685 2030 918 2097 Didius
966 2035 1035 2097 et
1066 2032 1264 2098 Cotta
1310 2031 1749 2115 intercedunt,
1799 2035 1942 2097 tam
1988 2032 2401 2098 tumultuose
2455 2032 2810 2098 Norbanus
2859 2053 3015 2097 cau-

564 2169 710 2213 sam
756 2147 1031 2233 peragit,
1081 2150 1160 2212 ut
1204 2147 1412 2233 pulsis
1483 2170 1518 2212 e
1568 2147 1852 2213 comitiis
1919 2146 2110 2213 Didio
2182 2151 2251 2213 et
2320 2147 2535 2231 Cotta,
2602 2147 2686 2212 Μ.
2736 2147 3016 2212 Aemilio

562 2263 851 2349 principe
914 2265 1191 2328 senatus
1261 2262 1478 2349 lapide
1547 2284 1879 2349 pechSSO,
1953 2263 2165 2349 Caepio
2226 2262 2578 2329 damnetur
2638 2263 3017 2349 imperium-

564 2399 692 2463 que
741 2379 800 2443 ei
848 2379 1204 2461 abrogetur
1253 2376 1376 2465 (pg.
1415 2381 1541 2466 67).

776 2493 956 2561 Idem
1004 2494 1217 2581 Caepio
1265 2494 1407 2578 lege
1456 2494 1689 2561 Cassia
1735 2515 1953 2560 anno
2019 2496 2146 2560 104
2207 2494 2369 2579 lata,
2433 2516 2568 2580 qua
2629 2495 2717 2577 ei,
2777 2492 3018 2580 quibus

565 2611 912 2696 imperium
961 2611 1359 2693 abrogatum
1430 2614 1536 2693 sit,
1610 2614 1853 2677 senatu
1923 2614 2297 2694 moventur,
2370 2633 2405 2676 e
2476 2614 2718 2676 senatu
2789 2610 3021 2675 eicitur

567 2725 689 2812 (pg.
729 2729 855 2814 67).
909 2726 1157 2792 Eodem
1192 2727 1267 2816 (P)
1300 2748 1476 2792 anno
1513 2726 1636 2813 (pg.
1674 2728 1781 2816 56)
1822 2727 2226 2792 Saturninus
2276 2730 2564 2811 quaestor
2596 2726 2919 2791 Ostiensis
2951 2726 3020 2789 in

567 2863 852 2907 annonae
878 2843 1177 2925 caritate,
1213 2841 1390 2927 quod
1422 2841 1595 2907 male
1628 2864 1766 2907 rem
1799 2842 2095 2925 gesserit,
2130 2842 2412 2907 Romam
2442 2846 2793 2908 revocatur
2817 2844 3019 2926 atque

569 2979 726 3022 cura
795 2958 1236 3023 frumentaria
1290 2957 1375 3022 M.
1430 2957 1710 3022 Aemilio
1769 2958 2015 3023 Scauro
2074 2958 2523 3023 committitur.
2619 2957 3020 3023 Saturninus

567 3076 794 3138 autem
867 3072 1087 3138 dolore
1149 3077 1218 3139 et
1298 3074 1398 3139 ira
1474 3074 1795 3139 incitatus
1865 3072 1951 3139 ad
2011 3072 2361 3159 populares
2431 3074 2790 3139 transitum
2859 3073 3023 3138 facit

568 3188 692 3275 (pg.
729 3189 836 3276 23)
887 3189 1250 3273 statimque
1299 3189 1608 3254 tribunus
1654 3187 1867 3275 plebis
1915 3187 2323 3271 designatur.

780 3304 950 3369 Inito
1020 3303 1222 3387 igitur
1288 3304 1689 3387 magistratu
1760 3325 1910 3369 cum
1977 3304 2184 3369 Mario
2244 3304 2332 3368 III
2379 3325 2509 3369 cos.
2561 3303 2798 3388 (anno
2851 3302 3019 3389 103),

567 3419 905 3486 nobilitati
974 3418 1363 3484 iamdudum
1433 3419 1885 3485 inimicissimo
1972 3419 2188 3485 foedus
2268 3419 2427 3485 iacit
2504 3419 2777 3504 eiusque
2853 3418 3021 3505 peti-

567 3536 818 3602 tionem
851 3539 1162 3620 quartam
1197 3557 1455 3601 summo
1483 3534 1703 3601 studio
1738 3534 2022 3600 adiuvat
2046 3537 2172 3621 (pg.
2203 3536 2452 3623 57.60).
2502 3538 2721 3619 Atque
2755 3533 2841 3599 ad
2868 3555 3021 3599 con-

570 3651 926 3718 ciliandam
975 3651 1259 3717 militum
1309 3651 1759 3716 Marianorum
1823 3652 2107 3734 gratiam
2167 3651 2379 3734 legem
2439 3654 2649 3734 rogat,
2714 3653 2791 3715 ut
2835 3652 3023 3715 vete-

568 3769 750 3833 ranis
800 3768 1128 3833 exercitus
1176 3767 1472 3832 Africani
1533 3767 1600 3831 in
1658 3766 1885 3832 Africa
1929 3788 2127 3853 prope
2174 3767 2479 3832 Thibaris
2529 3770 2596 3832 et
2641 3766 2760 3831 Uci
2807 3765 3024 3830 maius

571 3887 855 3949 centena
923 3883 1152 3967 iugera
1224 3884 1363 3966 agri
1433 3883 1861 3965 assignentur
1909 3881 2032 3969 (pg.
2079 3883 2182 3970 76)
2246 3903 2525 3967 eamque
2589 3882 2855 3969 repulsa
2912 3902 3027 3967 per

569 4000 707 4065 vim
754 4000 838 4065 M.
887 4000 1073 4064 Baebi
1119 3999 1373 4064 tribuni
1427 3998 1512 4085 pl.
1562 3998 2034 4064 intercessione
2103 3998 2365 4085 perfert.
2461 3997 2708 4064 Eodem
2757 4001 3025 4064 auctore

573 4116 626 4201 (P
653 4137 756 4202 pg.
797 4119 831 4180 7
842 4116 900 4203 7)
949 4116 1016 4179 in
1066 4114 1397 4179 Corsicam
1445 4112 1734 4178 insulam
1783 4135 1825 4178 a
1856 4113 2063 4179 Mario
2107 4114 2366 4179 colonia
2415 4114 2779 4180 deducitur.
2858 4114 3025 4178 Nor-

570 4232 824 4296 banum
886 4231 1190 4296 imitatus
1252 4229 1615 4316 Appuleius
1701 4229 1814 4295 Cn.
1878 4228 2177 4294 Mallium
2249 4230 2662 4296 consularem
2732 4232 3024 4310 accusat,

573 4347 686 4431 qui
744 4346 1060 4412 iudicium
1102 4345 1354 4411 veritus
1415 4348 1573 4410 ante
1622 4366 1895 4410 causam
1943 4348 2282 4431 peractam
2329 4345 2453 4432 (pg.
2498 4348 2602 4435 68)
2650 4346 2720 4411 in
2758 4345 3027 4410 exilium

572 4462 1029 4549 proficiscitur.
