3485 5069
1564 336 1920 390 -27-

515 516 694 580 nitas
728 517 851 596 est,
886 535 1033 597 quae
1065 512 1449 598 plerumque
1479 511 1735 576 fontem
1770 533 1812 576 a
1835 511 2023 576 Livio
2059 510 2350 576 alienum
2382 510 2634 577 indicat
2667 511 2770 598 (cf.
2793 512 2970 577 infra

514 631 561 713 I,
597 631 738 717 210.)
786 628 1112 708 FloruS,
1171 628 1240 692 in
1297 648 1494 712 quem
1551 631 1803 692 remoto
1851 626 2171 692 Valerio
2218 627 2630 711 inquirimus,
2688 632 2758 694 et
2801 627 2969 693 Mari

515 745 600 811 ad
648 746 1005 832 optimates
1066 744 1446 825 transitum,
1506 764 1915 827 quamquam
1962 764 2098 807 non
2143 742 2612 807 inconstantiae
2661 743 2803 808 eius
2851 743 2967 808 sed

513 862 764 927 favoris
810 859 1146 946 popularis
1195 858 1542 944 cupiditati
1589 859 1827 923 tribuit
1874 858 1971 943 (ΙΙ,
2005 859 2067 923 4.
2096 861 2168 923 ἴ),
2218 864 2347 923 tam
2393 880 2534 923 vero
2569 863 2695 924 iam
2726 864 2966 942 conspi-

513 982 752 1043 ratione
797 982 1067 1052 sanatam,
1117 979 1247 1057 ipso
1295 995 1529 1055 qaoque
1577 975 1793 1039 Mario
1840 975 2101 1051 consule,
2150 978 2298 1054 quia
2347 977 2506 1038 tueri
2543 994 2666 1038 non
2701 980 2963 1056 poterat,

512 1095 769 1159 adverso
799 1144 810 1156 .
842 1145 853 1156 .
880 1140 893 1154 .
925 1091 961 1178 .)
1010 1096 1078 1156 et
1126 1089 1470 1155 Saturnini
1502 1094 1748 1173 „reqis“
1780 1089 2313 1175 appellationem,
2356 1110 2764 1173 quamquam
2796 1092 2965 1154 tem-

512 1230 743 1294 porum
791 1206 1085 1272 ordinem
1132 1206 1490 1270 Livianum
1537 1205 1979 1270 commutavit
2026 1227 2059 1270 e
2093 1205 2281 1270 Livio
2328 1204 2635 1270 hausisse
2682 1203 2963 1270 videtur.

513 1323 700 1404 Quod
732 1324 787 1388 si
820 1322 1056 1409 placet,
1091 1322 1431 1387 versiones
1465 1320 1906 1386 conciliemus
1968 1321 2130 1385 Cum
2164 1323 2391 1385 autem
2417 1319 2686 1385 Orosius
2714 1319 2963 1402 eodem,

511 1461 639 1524 quo
674 1439 1022 1504 Memmius
1072 1437 1326 1502 occisus
1375 1441 1498 1517 est,
1551 1435 1653 1501 die
1693 1436 1977 1501 Marium
2027 1435 2112 1501 ad
2160 1439 2471 1502 senatum
2503 1440 2965 1500 transeuntem

508 1555 717 1620 faciat
763 1556 911 1629 (leni
957 1558 1235 1619 oratione
1280 1554 1568 1637 sedavit),
1620 1555 2022 1634 congruente
2064 1553 2372 1637 periocha
2421 1553 2681 1638 (quippe
2716 1553 2961 1636 quaein

509 1669 868 1749 referendO,
918 1690 1066 1753 quae
1106 1673 1259 1754 post
1292 1668 1560 1733 comitia
1591 1667 1993 1748 acciderunt,
2035 1666 2123 1732 ‘de
2165 1668 2331 1732 Mari
2376 1669 2748 1733 mutatione
2781 1668 2962 1754 plus-

510 1766 1004 1871 quamperfecto
1082 1784 1376 1868 loquitur
1452 1787 1655 1869 atque
1731 1784 1832 1848 ita
1909 1787 2137 1848 certo
2216 1785 2529 1870 temporis
2605 1787 2961 1866 momente,

510 1902 923 1967 comitiorum
955 1900 1205 1966 scilicet
1237 1899 1384 1981 diei,
1420 1921 1569 1964 eam
1601 1899 1856 1985 tribuit)
1890 1900 2100 1964 maior
2132 1900 2192 1964 ei
2223 1899 2393 1964 fides
2426 1899 2737 1964 habenda
2762 1921 2964 1984 quam

508 2017 697 2083 Floro
761 2017 892 2102 qui,
957 2017 1013 2081 si
1076 2020 1250 2081 recte
1309 2017 1517 2081 verba
1583 2021 1685 2103 „in
1731 2038 1798 2082 eo
1848 2018 2151 2081 tmmdtffl
2216 2015 2302 2081 ad
2350 2017 2618 2081 comitia
2666 2020 2962 2102 spectare

508 2137 844 2219 putamuS,
901 2132 1068 2197 Mari
1124 2132 1486 2196 transitum
1548 2131 1837 2217 explicat
1891 2132 2062 2214 regis
2120 2131 2564 2218 appellatione
2612 2132 2681 2196 in
2728 2131 2956 2197 eodem

508 2247 609 2313 die
659 2248 999 2314 collocata.
1050 2248 1353 2329 Pugnam
1384 2248 1454 2311 in
1486 2247 1627 2312 foro
1678 2247 2118 2330 commissam,
2160 2247 2440 2334 Capitoli
2488 2247 2958 2329 obsessionem,

508 2363 778 2430 fistulas
804 2364 1049 2428 incisas
1078 2384 1306 2428 omnes
1330 2363 1553 2428 fontes
1581 2367 2117 2428 commemorant.
2168 2365 2259 2428 At
2284 2385 2325 2428 a
2348 2363 2634 2428 Liviana
2656 2363 2961 2428 versione

506 2479 738 2546 Florus
787 2501 862 2545 eo
913 2478 1261 2566 discrepat,
1313 2477 1489 2563 quod
1537 2477 1696 2544 dicit
1725 2478 2089 2561 Nunnium,
2138 2482 2217 2545 ut
2262 2479 2527 2564 Equitio
2576 2479 2960 2545 tribunatus

504 2597 934 2679 contingeret,
971 2596 1258 2661 occisum
1292 2617 1458 2677 esse,
1493 2594 2024 2660 interdictionem
2057 2600 2285 2661 autem
2318 2596 2386 2660 in
2418 2595 2581 2677 legis
2616 2596 2960 2660 sanctione

504 2713 638 2777 iam
684 2733 968 2797 poenam
1016 2712 1455 2777 constitutam
1500 2732 1623 2776 nec
1668 2733 1826 2777 vero
1869 2711 2138 2776 exilium
2170 2711 2626 2776 voluntarium
2660 2715 2959 2776 secutam

504 2848 669 2908 esse,
705 2826 973 2892 Memmi
1021 2825 1303 2911 denique
1351 2825 1595 2891 caedem
1636 2826 1723 2891 ad
1763 2825 2056 2892 Glauciae
2095 2827 2496 2892 creationem
2535 2826 2955 2892 efficiendam

503 2946 949 3028 perpetratam
983 2963 1128 3007 esse
1178 2943 1281 3028 (cf.
1319 2946 1494 3008 auct.
1532 2942 1611 3007 de
1643 2944 1764 3008 vir.
1799 2942 1889 3008 ill.
1929 2945 2030 3027 73,
2059 2945 2124 3008 9:
2167 2950 2236 3008 ut
2272 2945 2602 3010 Glauciam
2621 2950 2959 3025 proetorem

503 3059 957 3144 <eoresulcwz>¹)
992 3057 1288 3139 faceret).
1384 3056 1563 3123 Idem
1610 3058 1797 3124 valet
1844 3057 1923 3123 de
1963 3058 2259 3124 fustibus
2309 3058 2642 3142 saxisque,
2693 3059 2955 3143 quibuS,

716 3287 969 3341 Ceterum
1008 3290 1240 3353 plurima
1281 3304 1465 3340 eorum
1505 3290 1890 3355 exemplorum,
1931 3304 2050 3353 quae
2090 3304 2116 3340 e
2143 3289 2295 3342 Livio
2322 3287 2570 3341 Valerius
2608 3289 2805 3356 hausit,
2843 3306 2951 3352 non

503 3391 568 3427 ex
588 3377 812 3442 integris
834 3378 947 3429 eius
969 3377 1273 3443 annalibuS,
1295 3377 1389 3429 sed
1412 3393 1476 3429 ex
1499 3379 1734 3443 epitoma
1755 3376 1973 3429 fluxisse
1995 3379 2096 3428 viri
2117 3376 2259 3430 docti
2281 3378 2597 3444 iampridem
2623 3385 2954 3432 statuerunt:

501 3481 581 3517 eX.
610 3483 686 3532 gr.
708 3465 827 3517 Val.
855 3466 999 3519 Max,
1041 3467 1083 3533 Ι,
1123 3467 1175 3532 8,
1208 3468 1260 3533 ἴ),
1311 3466 1538 3534 1X,3,3
1591 3482 1655 3518 ex
1694 3469 1810 3533 ipso
1849 3467 2002 3518 Livio
2040 3467 2356 3520 deducenda
2394 3476 2518 3519 sunt
2564 3467 2654 3534 (cf.
2697 3468 2955 3535 Krieger:

501 3554 703 3619 Quibus
754 3553 996 3607 fontibus
1034 3555 1152 3608 Val.
1195 3557 1340 3608 Max,
1382 3573 1508 3608 usus
1560 3558 1628 3608 sit
1679 3558 1734 3608 in
1776 3558 1851 3607 eis
1891 3558 2149 3622 exemplis
2190 3556 2508 3609 enarrandis
2549 3573 2591 3608 e.
2622 3573 2669 3622 q.
2699 3573 2737 3609 S.
2814 3558 2953 3611 Dies,

501 3643 670 3696 Berol.
701 3645 856 3709 1888,
896 3660 981 3710 pg.
1013 3645 1078 3697 12
1107 3653 1160 3696 ct
1185 3646 1276 3710 80)
1317 3661 1382 3697 ex
1421 3647 1654 3712 epitoma
1693 3654 1904 3698 autem:
1944 3646 1985 3712 Ι,
2025 3647 2076 3712 6,
2102 3647 2135 3699 3
2174 3647 2223 3711 (ἱ)
2262 3645 2331 3699 cf.
2361 3646 2663 3699 Drescher:
2702 3647 2956 3714 Beitrage

498 3750 594 3785 zur
632 3733 1066 3800 Liviusepitome.
1121 3734 1258 3786 Diss
1300 3735 1576 3801 Erlangen
1620 3735 1776 3802 1900,
1815 3735 1914 3786 No.
1943 3737 2033 3803 56)
2074 3735 2115 3801 Ι,
2154 3737 2203 3801 7,
2230 3738 2263 3788 4
2300 3759 2371 3781 :-
2409 3736 2507 3788 No,
2536 3737 2630 3803 49,
2670 3736 2712 3802 Ι,
2751 3737 2800 3803 8,
2827 3737 2861 3788 4
2888 3761 2954 3780 =

498 3822 596 3874 No,
624 3823 724 3890 503
764 3823 832 3889 ΙΙ,
871 3823 981 3890 9,6
1019 3847 1090 3869 :-
1128 3824 1222 3877 ΝΟ.
1253 3825 1350 3893 96,
1390 3825 1481 3889 IV,
1510 3826 1557 3891 1,
1585 3825 1618 3877 9
1656 3849 1726 3870 z
1765 3825 1863 3877 No,
1894 3825 1992 3893 95,
2033 3825 2096 3893 V,
2134 3826 2243 3892 5,2
2282 3848 2353 3871 :-
2391 3826 2488 3877 No.
2516 3826 2611 3893 52,
2650 3825 2715 3891 V,
2754 3826 2799 3885 6,
2829 3826 2858 3878 7
2887 3849 2956 3871 =

498 3911 596 3963 No,
621 3912 721 3979 88,
761 3911 825 3979 V,
866 3913 972 3979 7,1
1011 3936 1082 3958 Ξ
1120 3914 1220 3966 No,
1249 3915 1348 3982 78,
1388 3914 1505 3980 VII,
1534 3914 1585 3981 3,
1615 3915 1645 3966 2
1676 3939 1740 3958 =
1773 3914 1871 3966 No,
1901 3915 1995 3981 333
2035 3914 2154 3980 VII,
2181 3916 2231 3981 4,
2261 3914 2291 3965 2
2320 3940 2386 3958 =
2415 3914 2513 3968 No.
2539 3914 2606 3967 32
2646 3917 2732 3981 (2³).
2797 3914 2953 3965 Adde

497 4009 718 4067 propter
753 4017 1040 4054 consensus
1081 4018 1200 4053 cum
1240 4001 1529 4055 Periocha:
1576 4002 1619 4069 Ι,
1659 4002 1709 4069 1,
1738 4003 1835 4069 14,
1874 4002 1916 4067 Ι,
1955 4003 2005 4068 3,
2036 4002 2093 4069 1,
2133 4002 2176 4066 I,
2214 4004 2264 4068 4,
2290 4004 2354 4069 4,
2394 4003 2463 4069 ΙΙ,
2502 4002 2552 4068 9,
2579 4004 2638 4069 7,
2676 4003 2774 4068 ΙΙΙ,
2812 4004 2861 4068 6,
2888 4004 2952 4069 4,

497 4088 585 4140 IV.
626 4091 678 4156 4,
704 4091 763 4158 6,
803 4090 894 4156 VI,
933 4091 985 4157 3,
1011 4090 1122 4158 3a3
1163 4090 1256 4157 (cf.
1286 4091 1538 4157 Krieger)
1578 4091 1646 4157 ΙΙ,
1687 4091 1736 4158 2,
1765 4093 1874 4160 4a3
1917 4092 1978 4158 V,
2007 4092 2055 4157 7,
2084 4093 2113 4144 1
2154 4090 2246 4157 (cf.
2275 4091 2545 4144 Zschech:
2585 4092 2665 4143 De
2693 4091 2953 4143 Cicerone

497 4185 549 4229 et
585 4178 738 4230 Livio
766 4178 884 4231 Val.
908 4179 1050 4231 MaX.
1080 4178 1322 4233 fontibus
1349 4197 1434 4248 pg.
1464 4182 1556 4246 38)
1599 4181 1659 4247 V,
1686 4182 1737 4247 4,
1779 4188 1884 4233 ext.
1915 4181 1944 4233 7
1984 4180 2251 4245 (Marckst
2292 4181 2515 4245 Quellen
2556 4197 2678 4232 zum
2716 4179 2955 4231 Bundes-

494 4267 927 4334 genossenkrieg.
1004 4269 1142 4321 Diss
1185 4268 1503 4336 Strassburg
1542 4270 1698 4336 1884,
1737 4286 1823 4337 pg.
1852 4270 1955 4332 69).

713 4373 754 4439 ¹)
793 4373 1118 4426 Coniectura
1157 4372 1247 4438 (cf.
1278 4374 1493 4444 Wijga:
1532 4374 1694 4426 Liber
1733 4373 1799 4426 de
1840 4376 1968 4426 viris
2006 4374 2304 4427 illustribus
2343 4374 2491 4426 urbis
2530 4374 2731 4427 Romae.
2809 4374 2951 4427 Diss.

495 4460 849 4528 Groningana
889 4463 1044 4529 1890,
1085 4479 1170 4529 pg.
1202 4463 1326 4524 121)
1365 4472 1586 4530 propter
1623 4464 1844 4515 Memmi
1883 4465 2442 4516 commemorationem
2483 4463 2801 4516 necessaria.
