3485 5069
1538 376 1749 429 -11
1897 407 1964 415 -.

491 556 597 637 sit,
646 553 962 619 insidiose
1023 553 1280 639 prolato
1328 554 1685 619 veritatem
1734 555 2078 620 obscurat:
2145 554 2395 620 scilicet
2441 558 2585 620 tum
2633 556 2947 641 temporis

489 670 671 736 nullo
717 670 858 734 iure
905 669 1187 734 Marium
1235 670 1453 755 ipsum
1498 668 1702 735 fidem
1753 668 2010 736 dedisse
2060 674 2128 736 et
2171 674 2347 736 recte
2393 672 2462 735 in
2495 693 2647 736 eum
2678 671 2949 737 violatae

489 786 649 851 fidei
710 784 933 851 odium
996 785 1311 850 converti.
1420 785 1576 850 Nos
1637 790 1932 867 autem,
1996 808 2164 851 cum
2226 787 2493 852 Cicero
2557 787 2947 871 quamvis

489 902 819 967 Marium
880 921 1174 966 summo
1237 899 1502 966 studio
1565 923 1949 967 excusare
2013 906 2369 985 conetur,
2432 902 2477 966 S
2521 902 2586 967 Ο.
2637 902 2726 968 de
2785 900 2948 968 side

493 1016 768 1083 danda
836 1016 1157 1081 factum
1229 1037 1420 1081 esse
1492 1016 1853 1083 disertis
1916 1018 2204 1083 verbis
2266 1017 2715 1083 affirmare
2785 1039 2948 1083 non

494 1132 834 1214 audeat,
923 1131 1251 1196 nullum
1335 1131 1664 1198 factum
1744 1155 1932 1198 esse
2009 1154 2151 1219 pro
2231 1137 2460 1199 certo
2538 1133 2947 1198 habemus

495 1250 597 1337 (cf.
633 1247 673 1336 ξ
721 1250 826 1314 28.
863 1250 988 1336 29).

703 1365 942 1451 Incipit
1001 1365 1444 1430 Ciceronianae
1505 1365 1907 1430 narrationis
1968 1387 2122 1451 pars
2171 1368 2442 1431 servata
2489 1387 2531 1430 a
2578 1365 2641 1430 S.
2679 1365 2767 1447 Ο.,
2817 1386 2947 1451 quo

495 1481 878 1547 consulibus
938 1502 1043 1545 res
1090 1480 1359 1566 publica
1405 1481 1948 1546 committebatur
1995 1480 2057 1567 (ξ
2105 1481 2233 1567 20),
2283 1484 2610 1567 praerupto
2659 1479 2946 1563 exordi0,

495 1596 669 1682 quod
716 1618 957 1661 causas
1005 1596 1169 1676 eiuS,
1218 1589 1486 1660 Memmi
1519 1595 1764 1662 caedem
1799 1600 1866 1662 et
1907 1597 2188 1683 Capitoli
2221 1597 2741 1682 occupationem,
2792 1617 2949 1661 con-

494 1712 775 1778 tinuisse
822 1711 1160 1798 videtur.¹)
1217 1706 1437 1798 Atque
1486 1712 1935 1798 quaerendum,
1985 1716 2211 1777 utrum
2257 1734 2326 1777 re
2372 1733 2534 1777 vera
2555 1713 2598 1800 2)
2633 1711 2698 1777 S.
2735 1712 2801 1777 Ο.
2843 1720 2950 1793 „at

494 1829 558 1894 C.
593 1830 847 1894 Marius
893 1828 970 1893 L.
997 1818 1284 1894 Valerius
1338 1829 1611 1893 consules
1665 1827 2025 1894 adhiberent
2086 1828 2363 1894 tribanos
2397 1829 2490 1910 pl.
2530 1834 2588 1892 et
2628 1833 2946 1911 proetoreS,

494 1965 644 2026 quos
687 1948 772 2009 eis
819 1946 1147 2020 videretur,
1206 1964 1570 2025 operamque
1617 1945 1861 2021 darent,
1921 1949 1991 2008 ut
2045 1947 2371 2026 inmeritam
2404 1945 2629 2027 populi
2674 1943 2950 2009 Romani

494 2063 896 2140 maiestasque
941 2058 1446 2124 conservaretur“
1510 2058 1728 2124 Cicero
1779 2059 2149 2125 servaverit
2194 2080 2430 2141 necne3
2492 2079 2628 2124 non
2675 2057 2949 2123 dubium

495 2175 669 2239 enim
717 2177 840 2255 est,
891 2174 1052 2258 quin
1102 2174 1439 2256 cognitum
1485 2174 1731 2240 habere
1778 2175 2090 2261 potuerit,

708 2289 794 2355 Et
852 2294 1027 2354 recte
1084 2289 1370 2374 quidem,
1436 2311 1586 2355 cum
1645 2291 1714 2354 in
1770 2289 2111 2356 referendo
2169 2290 2233 2356 S.
2285 2290 2351 2356 Ο.
2401 2291 2562 2356 anni
2612 2292 2734 2355 121
2794 2288 2948 2375 Opi-

494 2405 701 2470 mium
749 2405 892 2470 sine
942 2405 1192 2488 collega
1239 2427 1495 2492 semper
1541 2406 1817 2472 afferret
1864 2406 1953 2493 (in
2001 2406 2143 2472 Cat.
2177 2406 2224 2488 Ι,
2250 2407 2313 2489 4,
2361 2427 2476 2492 pro
2524 2406 2793 2471 Plancio
2843 2407 2947 2487 88,

495 2521 660 2586 Phil.
701 2521 869 2602 VIII,
920 2521 1043 2609 14),
1106 2524 1333 2587 nostro
1395 2521 1535 2588 loco
1598 2523 1796 2588 ambo
1860 2521 2165 2590 consules
2225 2522 2623 2588 memoravit
2683 2520 2785 2609 (cf.
2827 2521 2948 2587 Dio

496 2638 677 2703 Cass.
712 2637 1038 2719 XXXVII,
1067 2639 1179 2719 273
1229 2641 1405 2702 auct.
1443 2637 1522 2702 de
1568 2639 1688 2704 vir.
1723 2638 1814 2704 ill.
1853 2639 1955 2720 73,
1995 2640 2102 2721 103
2149 2640 2389 2704 Ascon.
2423 2659 2529 2725 pg.
2567 2639 2608 2702 5
2639 2638 2765 2726 K..)
2861 2640 2952 2702 At

495 2752 699 2818 fidem
756 2756 1059 2819 nostram
1120 2774 1257 2818 non
1317 2757 1541 2836 auget,
1602 2753 1778 2839 quod
1825 2754 1890 2819 S.
1941 2754 2007 2820 Ο.
2058 2776 2235 2821 anno
2289 2756 2408 2820 121
2460 2755 2530 2819 in
2579 2752 2950 2819 Gracchum

494 2868 749 2934 sactum
812 2869 1187 2935 Ciceronem
1250 2867 1529 2936 diversis
1589 2870 1751 2936 locis
1812 2869 2077 2936 diversa
2143 2869 2360 2935 forma
2417 2868 2721 2934 videmus
2780 2868 2949 2934 rese-

495 2988 785 3067 rentem3
856 2984 1022 3049 Phil.
1076 2984 1247 3067 VIII,
1312 2986 1394 3050 14
1465 2987 1756 3068 genuina
1823 2986 2031 3051 verba
2100 2988 2372 3051 servata
2433 2987 2595 3050 sunt
2652 2986 2950 3050 testante

496 3100 671 3165 Plut.
718 3123 782 3166 v.
819 3100 884 3166 Ο.
933 3098 1208 3166 Gracch.
1249 3102 1331 3166 14
1393 3100 1799 3188 (προσέταξαν
1836 3099 2109 3189 Ὀπιμίῳ
2166 3104 2253 3191 τῷ
2310 3094 2527 3189 ὑπάτῳ
2581 3097 2789 3177 σώζειν
2835 3092 2950 3184 τὴν

499 3214 665 3281 πόλιν
711 3213 820 3281 καὶ
865 3216 1194 3282 καταλύειν
1241 3213 1383 3293 τοὺς
1427 3214 1749 3303 τυράννους
1765 3216 1809 3303 ⁸⁰³)
1869 3216 2010 3281 Cat.
2044 3216 2092 3298 Ι,
2119 3218 2161 3279 4
2220 3237 2377 3282 vero
2423 3216 2660 3282 fictum
2708 3218 2814 3280 est
2865 3212 2951 3279 ad

717 3428 755 3494 ¹)
792 3427 1013 3479 Memmi
1035 3427 1225 3479 caedes
1246 3442 1353 3479 uno
1378 3427 1751 3479 tantummodo
1778 3428 1894 3479 loco
1922 3427 2000 3492 (in
2029 3427 2144 3479 Cat.
2173 3427 2267 3494 IV,
2293 3427 2346 3490 4>
2371 3442 2403 3479 a
2425 3427 2681 3480 Cicerone
2703 3427 2949 3481 affertur.

498 3546 567 3554 —
605 3515 910 3568 Secundum
950 3515 1264 3568 Ciceronem
1301 3513 1515 3580 quidem
1554 3522 1680 3567 ante
1720 3531 1958 3581 pugnam
1997 3516 2050 3567 in
2091 3514 2211 3568 foro
2251 3517 2603 3583 commissam,
2640 3518 2800 3570 immo
2824 3525 2949 3570 ante

500 3604 552 3659 S.
581 3605 637 3658 C.
679 3605 924 3656 ultimum
962 3603 1187 3671 factum,
1226 3604 1578 3656 Saturninum
1617 3619 1737 3655 cum
1773 3605 1995 3656 armatis
2023 3605 2350 3670 Capitolium
2375 3607 2717 3673 occupavisse
2744 3613 2949 3660 statuo:

498 3694 555 3746 in
592 3693 622 3762 ἓ
659 3694 730 3746 20
769 3693 1093 3746 Saturninus
1144 3698 1382 3745 armatus
1431 3693 1755 3760 Capitolium
1806 3700 1994 3746 tenere
2041 3693 2255 3762 dicitur,
2308 3696 2620 3761 priusquam
2672 3695 2772 3748 viri
2823 3695 2951 3749 boni

499 3790 900 3850 convenerunt3
953 3782 982 3851 g
1021 3782 1088 3834 22
1130 3781 1456 3834 Saturninus
1495 3782 1550 3834 in
1591 3782 1877 3849 Capitoli0,
1923 3784 2208 3849 optimates
2256 3784 2313 3835 in
2352 3781 2470 3836 foro
2509 3790 2787 3836 versantes
2825 3790 2951 3837 ante

499 3888 737 3940 pugnam
775 3872 1108 3924 commissam
1147 3870 1558 3938 describuntur3
1611 3871 1640 3940 g
1679 3872 1749 3925 35
1788 3873 1932 3923 inter
1972 3871 2252 3924 Saturnini
2289 3872 2532 3939 crimina,
2584 3873 2778 3938 quibus
2818 3889 2950 3925 com-

498 3968 672 4014 motus
691 3961 898 4013 Marius
916 3960 985 4013 ad
1004 3966 1251 4012 senatum
1270 3961 1480 4011 rettulit
1500 3959 1683 4027 „quod
1709 3958 2072 4029 Capitolzsum
2093 3976 2209 4012 eum
2232 3962 2469 4013 armatis
2488 3961 2953 4030 occupaJvz'sset“,

496 4054 822 4101 recensetur.
897 4047 1080 4100 Verba
1116 4063 1230 4114 „an
1271 4048 1333 4099 in
1376 4045 1712 4115 Capitolium
1742 4063 1972 4116 peryere
2025 4055 2193 4116 atque
2246 4049 2323 4101 ibz·
2360 4064 2418 4101 se
2457 4065 2576 4101 cum
2615 4054 2709 4102 tuo
2738 4056 2951 4117 patruo

498 4144 551 4191 et
587 4137 779 4191 ceteris
828 4135 906 4188 ad
954 4141 1176 4188 mortem
1214 4141 1446 4201 propter
1488 4137 1611 4188 vitae
1649 4136 2054 4202 turpitudinem
2093 4137 2546 4205 confaqientibus
2585 4140 2952 4207 conyreyare“

497 4228 550 4296 (ξ
589 4226 678 4294 21)
717 4224 859 4291 quod
898 4225 967 4277 ad
1005 4225 1260 4291 temporis
1298 4230 1626 4276 momentum
1664 4226 1877 4291 attinet,
1917 4241 2107 4292 urgere
2147 4227 2428 4279 noluerim.

713 4312 756 4380 ²)
793 4314 870 4365 ita
907 4312 1274 4365 Mommsenus
1313 4311 1477 4365 St.-R.
1507 4311 1568 4364 1³
1609 4313 1730 4380 694,
1754 4313 1811 4381 13
1850 4313 1931 4365 III
1970 4314 2128 4381 1244,
2150 4313 2200 4380 2,
2241 4330 2457 4366 censere
2499 4315 2725 4368 videtur.

713 4401 755 4468 ⁸)
794 4401 977 4454 Verba
1022 4400 1113 4452 καὶ
1159 4398 1446 4453 καταλύειν
1483 4402 1574 4452 κτλ
1622 4400 1760 4455 falso
1809 4402 1877 4455 ab
1926 4408 2144 4455 auctore
2191 4404 2277 4454 vel
2321 4405 2545 4469 antiquo
2592 4404 2778 4457 addita
2825 4413 2952 4457 sunt

498 4489 568 4544 cf.
596 4491 892 4544 Mommsen
932 4490 1093 4543 St.-R.
1121 4491 1200 4541 III
1239 4490 1396 4558 1245,
1425 4490 1471 4542 2.
