3485 5069
1572 364 1928 419 -38—

527 538 630 624 (cf.
667 561 718 604 c.
754 542 859 623 28,
909 561 1012 627 pg.
1049 541 1198 624 359,
1238 543 1319 606 16
1353 562 1478 626 sq.;
1528 563 1580 607 c.
1617 543 1722 625 31,
1773 564 1876 628 pg.
1914 543 2063 626 363,
2113 543 2408 627 23-28,
2457 566 2508 610 c.
2538 546 2643 628 32,
2693 567 2795 632 pg.
2826 547 2975 629 364,

527 656 775 739 3-10,
824 677 877 721 c.
913 657 1018 739 34,
1065 677 1170 742 pg.
1206 657 1355 739 366,
1393 658 1434 721 5
1481 658 1601 745 sq.)
1649 680 1690 723 a
1723 659 1939 741 sociis,
1974 658 2371 745 quibuscum
2404 661 2796 744 coniuravit,
2846 682 2977 746 quo

525 793 659 837 non
720 772 902 855 velit,
966 776 1254 839 tractum
1315 773 1902 858 inconstantiaque
1959 774 2223 861 lapsum
2268 774 2539 841 ridicule
2588 777 2655 841 in
2704 778 2978 843 civitate

525 893 867 954 versatum
930 888 1234 954 videmus
1298 888 1400 973 (cf.
1453 911 1504 954 c.
1555 891 1661 972 28,
1711 911 1815 976 pg.
1866 891 2015 973 360,
2063 893 2338 975 4-13,
2401 913 2453 957 c.
2503 893 2607 975 30,
2672 914 2776 979 pg.
2826 894 2976 976 362,

531 1005 810 1086 18-20,
860 1005 1151 1088 22-30,
1199 1006 1350 1088 363,
1405 1007 1619 1094 7-9.)

737 1120 1082 1206 Appianus
1106 1143 1262 1187 vero
1299 1121 1384 1186 ab
1419 1120 1650 1187 eodem
1683 1121 1869 1187 fonte
1902 1122 2235 1208 profectus
2261 1123 2564 1207 Marium,
2599 1145 2796 1208 quem
2822 1124 2979 1188 Plu-

527 1237 799 1302 tarchus
860 1241 982 1302 aut
1039 1236 1191 1302 fons
1252 1236 1592 1303 Plutarchi
1654 1236 2021 1303 detrectare
2077 1238 2408 1322 videntur,
2471 1240 2978 1315 benevolentius

527 1354 848 1441 tractat.¹)
920 1352 1108 1433 Quod
1154 1354 1222 1418 in
1269 1354 1584 1419 maiorem
1632 1353 1800 1418 Mari
1847 1353 2120 1436 gloriam
2169 1376 2272 1420 res
2322 1355 2774 1422 commutandi
2823 1378 2978 1422 con-

527 1468 747 1534 silium
780 1470 849 1533 in
882 1469 977 1534 eis
1025 1490 1173 1553 quae
1220 1472 1609 1554 sequuntur,
1661 1469 1803 1533 sine
1853 1468 2051 1534 dubio
2101 1468 2626 1556 deprehenditur.
2699 1472 2869 1537 Nam
2902 1476 2980 1538 ut

527 1586 948 1672 explicemuS,
984 1584 1160 1670 quod
1185 1585 1242 1650 si
1267 1585 1698 1651 Plutarchum
1726 1606 2090 1671 comparaS,
2118 1585 2296 1672 apud
2319 1589 2697 1673 Appianum
2730 1588 2978 1653 Marius

528 1701 849 1768 adiutoris
894 1704 1162 1766 tantum
1211 1723 1345 1767 non
1407 1701 1649 1766 actoris
1697 1721 2048 1787 personam
2096 1702 2448 1785 sustineat,
2499 1704 2715 1770 auctis
2749 1708 2979 1770 contra

528 1817 822 1884 Glauciae
881 1818 1185 1904 partibus
1252 1816 1355 1902 (cf.
1392 1819 1556 1903 App.
1609 1816 1649 1903 ξ
1703 1819 1849 1881 126.
1905 1818 2029 1881 127
2079 1816 2191 1883 lin.
2226 1820 2288 1883 4.
2329 1821 2396 1901 7,
2448 1820 2573 1884 128
2621 1819 2734 1884 lin.
2773 1822 2831 1885 8.
2871 1820 2977 1902 13,

532 1935 676 2000 139.
731 1936 857 1999 142
904 1934 1016 2000 lin.
1050 1936 1109 2000 5.
1151 1936 1213 2017 7,
1267 1935 1412 1999 143.
1454 1934 1622 2021 144),
1688 1954 1822 1998 non
1883 1933 2050 1998 satis
2112 1937 2216 1999 est
2276 1933 2486 2000 dicere
2547 1935 2976 2000 Plutarchum

528 2051 727 2116 unius
773 2051 939 2116 Mari
985 2051 1198 2115 vitam
1256 2047 1696 2115 enarrandam
1757 2049 1978 2114 animo
2029 2049 2156 2114 sibi
2201 2051 2641 2135 proposuisse.
2733 2054 2978 2137 Aperte

528 2168 702 2231 enim
742 2170 820 2232 ut
867 2165 1347 2252 disculparetur
1377 2166 1646 2248 Marius,
1697 2164 2043 2230 Saturnini
2091 2164 2301 2230 caedes
2350 2170 2627 2232 senatus
2676 2167 2977 2234 consulto

527 2283 922 2349 nominatim
963 2281 1346 2347 consulibus
1381 2303 1695 2347 concessa
1728 2302 1875 2347 esse
1907 2280 2146 2346 dicitur
2194 2279 2255 2368 (ξ
2294 2283 2467 2370 144),
2515 2283 2797 2368 populus
2829 2283 2976 2350 odio

528 2399 597 2463 in
644 2399 1079 2465 Saturninum
1126 2398 1453 2481 flagrasse
1508 2397 1794 2463 traditur
1856 2397 2030 2485 (143)
2093 2401 2171 2463 ut
2232 2420 2373 2484 pro
2444 2398 2751 2485 populo
2822 2420 2977 2465 con-

527 2515 705 2582 sules
754 2513 1147 2581 seditionem
1195 2514 1598 2581 exstinxisse
1644 2513 2022 2581 videantur.
2117 2513 2457 2581 Haesitans
2505 2514 2569 2581 S.
2615 2514 2680 2581 O.
2730 2514 2977 2582 Marius

525 2635 716 2719 paret
763 2631 971 2718 (144),
1018 2629 1268 2696 fistulae
1315 2630 1540 2695 incisae
1590 2629 1853 2696 disertis
1901 2631 2122 2695 verbis
2157 2630 2306 2696 aliis
2340 2631 2594 2695 crimini
2626 2635 2979 2696 vertuntur

527 2748 700 2836 (144,
741 2750 864 2837 18).
957 2746 1187 2812 Fidem
1244 2751 1472 2813 autem
1528 2768 1664 2812 non
1711 2747 1929 2813 solum
1975 2769 2110 2813 non
2158 2747 2295 2826 dat,
2346 2746 2462 2813 sed
2510 2769 2552 2812 a
2600 2748 2853 2828 ceteris,
2903 2750 2980 2812 ut

525 2865 960 2930 Saturninum
1010 2864 1354 2947 sociosque
1402 2862 1679 2947 occidat,
1729 2864 2049 2928 incitatus
2098 2867 2330 2929 contra
2377 2863 2441 2929 S.
2471 2863 2535 2929 O.
2573 2864 2752 2929 omni
2783 2861 2976 2929 modo

525 3003 639 3047 eos
688 3002 951 3047 servare
1000 2983 1279 3046 conatur
1313 2977 1374 3066 (ξ
1412 2980 1559 3068 145)
1607 2983 1675 3045 et
1718 2980 1859 3066 ipse
1892 2979 2148 3044 crimini
2193 2978 2629 3066 perpetrando
2677 3000 2809 3044 non
2859 2977 2977 3044 ad-

423 3070 435 3083 ·
522 3097 733 3164 fuisse
791 3095 1078 3163 videtur.
1169 3094 1339 3160 Illud
1399 3116 1661 3181 quoque
1723 3094 2393 3161 animadvertendum
2456 3099 2579 3178 est,
2650 3093 2976 3181 quomodo

523 3214 700 3301 plebi
758 3214 1032 3278 urbanae
1094 3205 1423 3297 (πολιτικὸς
1479 3206 1660 3297 ὄχλος
1720 3210 1761 3298 ξ
1830 3212 1974 3294 133,
2029 3213 2141 3292 18,
2216 3213 2363 3294 134,
2427 3213 2507 3275 21
2582 3241 2669 3267 z
2739 3207 2982 3275 ἀστικοί

525 3327 564 3416 ξ
602 3329 748 3412 134,
803 3333 869 3411 1,
907 3329 1053 3411 140,
1094 3329 1199 3411 14,
1254 3357 1335 3384 =
1381 3326 1575 3413 δῆμος
1627 3329 1774 3411 128,
1815 3328 1920 3409 13;
1976 3328 2122 3409 132,
2162 3329 2275 3410 14;
2328 3328 2475 3410 143,
2517 3328 2624 3406 12,
2679 3328 2823 3408 147,
2863 3327 2975 3408 12,

527 3446 674 3529 148,
714 3446 771 3533 1)
834 3465 948 3530 pro
1011 3443 1448 3530 optimatibus
1509 3443 1739 3527 stanti,
1803 3444 2035 3508 rustici
2082 3446 2501 3529 opponantur
2550 3441 2627 3528 (οἱ
2672 3435 2792 3507 ἀνὰ
2839 3436 2980 3519 τοὺς

522 3558 774 3646 ἀγρούς,
829 3560 1118 3643 132,12,
1172 3561 1318 3642 134,
1354 3560 1477 3643 22,
1530 3560 1676 3643 136,
1715 3561 1830 3642 16,
1884 3560 2030 3641 139,
2068 3561 2143 3642 8,
2195 3559 2498 3645 143,14).
2569 3561 2790 3644 Atque
2825 3579 2978 3623 nar-

519 3669 798 3743 rationis
856 3677 1070 3764 specie
1125 3677 1637 3763 „pragmatica“,
1703 3696 1907 3760 quam
1954 3679 2221 3758 vocant,
2271 3696 2354 3739 ne
2404 3674 2766 3760 decipiaris,
2815 3673 2978 3739 illud

518 3786 741 3859 'tecum
808 3796 1095 3879 reputeS,
1176 3814 1305 3878 quo
1371 3793 1512 3857 iure
1580 3791 1841 3878 plebem
1911 3792 2240 3856 urbanam
2311 3812 2461 3855 cum
2540 3790 2976 3876 optimatibus

519 3910 875 3975 facientem
893 3909 1236 3995 legemque
1256 3908 1335 3974 de
1354 3908 1625 3974 coloniis
1644 3906 2045 3972 deducendis
2072 3907 2427 3993 asperrime
2453 3907 2975 3992 impugnantem,

521 4029 752 4092 contra
799 4026 1081 4092 rusticos
1128 4025 1507 4091 Italicorum
1556 4044 1829 4089 causam
1879 4022 2317 4108 suscipientes
2364 4022 2727 4105 legemque,
2778 4042 2812 4086 e
2846 4041 2980 4106 qua

519 4142 837 4207 maiorem
884 4143 1176 4207 urbanos
1225 4161 1456 4226 capere
1503 4139 1795 4205 fructum
1844 4137 2279 4204 manifestum
2313 4141 2477 4218 erat,
2527 4141 2721 4202 tanto
2756 4135 2975 4201 studio

740 4419 778 4484 ¹)
815 4418 1092 4471 Nonnulla
1142 4417 1249 4470 iam
1297 4416 1573 4469 Busoltius
1625 4382 1994 4480 (Jahrbiicher
2032 4413 2124 4467 fiir
2161 4414 2459 4480 Philologie
2498 4414 2611 4465 und
2649 4411 2977 4479 Padagogik,

517 4506 617 4561 Bd.
646 4507 830 4575 CXLI,
870 4523 955 4573 pg.
985 4506 1090 4560 341
1113 4505 1193 4573 ff.)
1232 4507 1453 4558 monuit.
