3485 5069
1572 326 1930 378 -16-

948 501 1124 587 (acta
1153 502 1465 588 triumph.
1502 502 1588 567 ad
1627 524 1782 567 ann.
1812 502 1971 589 64ss
1981 505 2106 569 106
2139 503 2306 569 Vell.
2331 504 2477 569 Pat.
2511 504 2588 586 ΙΙ,
2624 506 2770 592 8,3)
2808 505 2976 571 nihil

949 616 1028 683 de
1076 639 1152 682 eo
1201 621 1435 683 notum
1484 621 1606 683 est.

521 756 582 799 a.
628 736 777 800 111.
847 733 920 798 L.
957 732 1351 818 Calpurnius
1398 733 1646 814 Bestia,
1696 737 1776 799 ut
1823 738 2108 817 constat,
2159 732 2521 800 damnatus
2568 738 2692 800 est.

840 848 913 913 L.
958 847 1297 913 Cornelius
1360 848 1574 934 Scipio
1636 849 1884 914 Nasica
1945 850 2014 913 in
2083 850 2436 916 consulatu
2505 855 2809 916 mortuus
2875 856 2979 919 est

950 963 1053 1049 (cf.
1083 964 1545 1051 Pauly-Wiss.
1580 965 1691 1048 IV,
1731 966 1947 1051 1504).

629 1083 774 1146 112.
847 1080 912 1145 C.
973 1079 1366 1166 Calpurnius
1453 1080 1605 1145 Piso
1687 1081 2072 1146 Caesoninus
2151 1104 2211 1146 a.
2288 1085 2412 1149 107
2494 1088 2795 1149 mortuus
2874 1088 2979 1150 est

948 1195 1051 1282 (cf.
1079 1195 1534 1282 Pauly-Wiss.
1570 1197 1676 1279 ΙΙΙ,
1731 1198 1947 1282 1387).

840 1310 924 1377 M.
960 1311 1191 1377 Livius
1240 1312 1496 1377 Drusus
1542 1311 1727 1377 haud
1773 1313 1831 1378 is
1880 1316 2002 1395 est,
2054 1334 2250 1397 quem
2285 1314 2503 1379 Cicero
2551 1315 2750 1400 paulo
2798 1315 2975 1381 infra

945 1426 1167 1510 affert,
1218 1427 1376 1512 quia
1421 1426 1530 1493 ille
1578 1449 1712 1493 non
1760 1429 1933 1493 inter
1980 1428 2362 1495 consulares
2410 1433 2818 1496 numeratur.
2907 1432 2977 1496 Si

945 1564 1014 1607 re
1047 1564 1225 1625 vera,
1277 1542 1454 1627 quod
1493 1547 1726 1608 auctor
1760 1543 1845 1608 ad
1875 1543 2161 1609 Herenn.
2201 1544 2312 1627 IV,
2349 1546 2428 1610 31
2467 1549 2776 1629 testatur,
2824 1551 2978 1634 post

945 1658 1180 1740 filium,
1231 1661 1310 1723 tr.
1350 1658 1458 1744 pl„
1508 1663 1699 1744 pater
1745 1660 2002 1725 Drusus
2050 1665 2353 1725 mortuus
2401 1664 2524 1744 est,
2572 1661 2680 1726 hic
2723 1663 2975 1748 primus

947 1773 1393 1839 consularium
1457 1796 1702 1856 eorum,
1767 1775 1881 1860 qui
1928 1797 1988 1840 a.
2028 1778 2157 1842 100
2203 1776 2376 1841 inter
2430 1778 2625 1843 vivos
2673 1780 2883 1861 erant,
2934 1800 2977 1844 a

948 1890 1253 1955 Cicerone
1302 1891 1650 1956 omittitur.
1731 1890 2024 1973 Longius
2071 1892 2273 1975 igitur
2317 1892 2533 1958 fastos
2579 1892 2977 1979 perscrutari

949 2027 1525 2091 supervacanaum
1586 2007 1731 2090 erit,
1788 2007 2104 2092 quoniam
2165 2008 2306 2093 ipse
2368 2008 2587 2074 Cicero
2648 2008 2756 2074 hic
2815 2009 2975 2074 sub-

948 2121 1201 2186 stitisse
1249 2121 1534 2188 videtur.

733 2235 863 2301 Sed
923 2258 1152 2302 omnes
1214 2237 1518 2303 consules
1580 2260 1908 2303 annorum
1971 2242 2144 2304 certe
2209 2241 2336 2303 112
2397 2261 2609 2325 usque
2671 2239 2758 2305 ad
2822 2242 2968 2322 101,

520 2352 633 2438 qui
680 2374 722 2417 a
771 2354 897 2418 100
956 2353 1128 2418 inter
1174 2354 1367 2420 vivos
1423 2358 1634 2438 erant,
1685 2355 1905 2420 Cicero
1956 2353 2179 2419 ordine
2227 2355 2404 2420 iusto
2454 2356 2743 2438 exhibet,
2808 2377 2971 2441 prae-

517 2468 734 2555 posito
782 2468 855 2534 L.
889 2468 1174 2553 Metello,
1226 2470 1385 2555 quia
1430 2471 1499 2536 in
1545 2468 1917 2537 reducendo
1965 2469 2312 2537 Numidico
2368 2471 2471 2557 (cf.
2506 2474 2659 2558 post
2703 2470 2837 2537 red.
2888 2469 2974 2536 ad

520 2607 638 2650 sen
687 2586 806 2668 373
856 2583 941 2650 ad
989 2586 1164 2666 Quir.
1203 2589 1263 2674 6)
1311 2591 1535 2673 partes
1582 2587 1972 2652 notissimas
2020 2590 2265 2669 egerat.

732 2699 983 2767 Eadem
1031 2702 1463 2789 componendi
1501 2704 1671 2768 ratio
1706 2704 1776 2768 in
1808 2703 1889 2768 iis
1923 2702 2390 2768 enumerandis
2424 2702 2771 2786 detegitur,
2808 2724 2973 2789 quos

517 2821 831 2903 praetores
892 2820 1015 2883 aut
1073 2819 1363 2883 iuniores
1427 2840 1614 2884 arma
1677 2822 1910 2884 contra
1956 2818 2394 2883 Saturninum
2451 2819 2701 2904 cepisse
2752 2818 2970 2884 Cicero

521 2933 891 2999 contendit:
2977 2933 2980 2934 ἦ

518 3050 630 3115 Cn.
662 3051 982 3115 Domitius
1039 3071 1169 3115 cOS.
1219 3051 1306 3116 96
1367 3054 1525 3115 ante
1589 3072 1843 3115 annum
1906 3051 1989 3115 89
2052 3052 2355 3115 mortuus
2417 3053 2521 3114 est
2583 3048 2685 3135 (cf.
2721 3048 2971 3135 Pauly-

733 3165 937 3232 Wiss.
973 3165 1052 3247 V,
1107 3167 1320 3253 1327).

520 3282 597 3346 L.
630 3282 949 3347 Domitius
980 3303 1110 3346 cos,
1146 3283 1232 3346 94
1265 3303 1440 3347 anno
1476 3283 1558 3346 82
1592 3303 1634 3346 a
1665 3281 1873 3346 Mario
1909 3285 1976 3347 et
2007 3281 2412 3367 Damasippo
2446 3281 2837 3346 interfectus
2871 3283 2975 3344 est

733 3396 836 3483 (cf.
872 3397 1259 3462 testimonia
1304 3397 1763 3483 Pauly-Wiss
1798 3397 1879 3479 V,
1919 3398 2135 3484 1334).

518 3513 594 3578 L.
629 3513 894 3580 Crassus
939 3535 1069 3581 cos,
1105 3514 1191 3578 95
1237 3516 1540 3578 mortuus
1588 3516 1692 3578 est
1737 3535 1799 3578 a.
1835 3514 1915 3577 91
1969 3512 2071 3597 (de
2120 3514 2285 3578 orat.
2320 3511 2426 3595 ΙΙΙ,
2481 3515 2513 3576 1
2568 3511 2749 3599 seq.).

520 3630 589 3711 Q.
627 3630 876 3695 Mucius
921 3651 1051 3695 003.
1086 3631 1170 3695 95
1219 3650 1395 3694 anno
1431 3630 1516 3694 82
1565 3650 1607 3693 a
1636 3627 1843 3693 Mario
1887 3631 1957 3693 et
1989 3627 2392 3714 Damasippo
2424 3627 2816 3693 interfectus
2849 3629 2972 3691 es.t

519 3744 585 3810 C.
619 3744 921 3811 Claudius
952 3767 1081 3812 003.
1110 3748 1195 3810 92
1227 3745 1451 3832 paullo
1478 3748 1631 3831 post
1655 3748 1959 3809 mortuus
1986 3747 2091 3809 est
2111 3742 2383 3882 (Pauly-
2385 3742 2590 3809 Wiss.
2618 3742 2724 3825 ΙΙΙ,
2752 3742 2971 3829 2856).

516 3862 608 3925 Μ
645 3861 897 3926 Drusus
941 3861 1250 3926 tribunus
1295 3860 1382 3947 pl.
1418 3882 1477 3926 a.
1514 3861 1738 3947 92s91.

516 3976 594 4040 L.
625 3976 957 4059 Philippus
1004 3997 1113 4041 cos
1162 3979 1272 4059 91,
1323 3998 1499 4041 anno
1549 3977 1635 4041 86
1668 3997 1875 4041 senex
1914 3975 2153 4040 dicitur
2185 3973 2338 4061 (Cic.
2364 3974 2548 4039 Brut.
2577 3974 2763 4062 230);
2798 3994 2858 4038 a.
2891 3973 2972 4037 78
3088 3979 3094 3984 ’

739 4095 976 4174 „vetate
1039 4095 1107 4157 et
1166 4091 1437 4157 consilio
1488 4094 1741 4157 ceteros
1803 4091 2145 4156 anteibat“
2216 4088 2397 4176 (Sall.
2446 4088 2683 4155 Hist.I
2728 4089 2850 4171 frg.
2891 4088 2973 4152 75

731 4206 964 4296 Maur.)
1014 4208 1155 4273 sine
1204 4208 1403 4272 dubio
1453 4211 1612 4272 ante
1644 4229 1720 4286 a.
1759 4207 1843 4271 63
1891 4210 2193 4271 mortuus
2243 4208 2365 4271 est.

516 4324 597 4389 L.
629 4323 831 4406 Scipio
880 4343 1009 4388 cos.
1046 4324 1131 4388 83
1176 4322 1400 4409 paullo
1447 4326 1600 4409 post
1646 4323 1814 4388 obiit
1861 4321 1964 4407 (cf.
2000 4320 2454 4407 Pauly-Wiss.
2482 4321 2592 4404 IV,
2632 4322 2847 4410 1485).

518 4440 611 4504 M.
644 4440 920 4522 Lepidus
966 4459 1096 4504 cos.
1134 4440 1214 4504 78
1263 4461 1323 4504 a.
1363 4441 1442 4503 77
1491 4441 1795 4504 mortuus
1845 4441 1967 4504 est.
