3485 5069
1507 342 1864 394 —13—

453 519 725 584 horrent
758 540 958 603 quam
983 519 1320 584 sententia
1353 523 1421 584 et
1438 520 1542 584 vis
1576 521 1911 586 enuntiati
1945 521 2293 605 CiceroniS,
2322 524 2435 607 qui
2460 545 2595 589 non
2625 524 2911 589 Marium

454 635 518 700 S.
555 634 621 700 C.
654 635 976 721 paruisse,
1027 633 1203 718 quod
1234 633 1525 718 fecisset,
1576 636 1632 701 si
1669 633 2017 702 Glauciam
2063 659 2178 724 pro
2228 638 2337 704 illo
2380 643 2729 724 „praetore“
2785 639 2910 704 ele-

454 751 680 835 gisset,
709 748 827 815 sed
856 771 994 814 rem
1027 772 1152 815 sua
1185 754 1419 836 sponte
1452 772 1586 815 non
1618 750 1910 833 legitime
1944 754 2229 835 gessisse
2263 753 2715 821 demonstrare
2740 755 2907 820 vult.

669 867 729 930 2.
780 867 919 931 Aut
951 865 1193 930 omisso
1229 864 1522 930 Glauciae
1568 867 1857 949 nomine,
1910 867 2312 933 Saturninus
2362 868 2562 953 solus,
2611 871 2682 935 in
2713 892 2911 955 quem

455 980 759 1047 consules
808 980 1435 1064 animadverterent,
1485 982 1884 1047 nominatim
1931 984 2000 1047 in
2050 983 2114 1048 S.
2151 984 2216 1050 C.
2252 984 2500 1051 allatus
2548 989 2669 1052 est.

668 1098 727 1163 3.
777 1096 1094 1162 Maiorem
1138 1101 1368 1163 tamen
1415 1098 1959 1183 probabilitatem
1992 1100 2193 1165 tertia
2221 1122 2354 1186 pree
2389 1123 2458 1166 se
2490 1101 2622 1167 fert
2654 1103 2908 1168 coniec-

451 1218 625 1296 tura,
692 1213 1062 1299 suppressis
1111 1217 1179 1278 et
1237 1213 1618 1295 nominibus
1668 1217 1736 1278 et
1782 1215 2300 1297 magistratuum
2357 1216 2573 1282 titulis
2620 1218 2909 1300 generali

454 1328 742 1414 quodam
789 1326 982 1393 modo
1030 1327 1237 1394 Mario
1280 1328 1350 1393 in
1383 1328 1824 1395 Saturninum
1859 1329 2339 1416 Glauciamque
2372 1332 2719 1418 imperium
2753 1355 2907 1399 con-

455 1466 714 1510 cessum
747 1466 893 1510 esse
928 1443 1030 1530 (cf.
1065 1445 1432 1509 Mommsen
1481 1444 1694 1510 St.-R.
1729 1445 1830 1528 ΠΙ,
1863 1446 2078 1533 1245),
2130 1446 2216 1511 ad
2264 1468 2429 1531 quos
2465 1447 2907 1531 designandos

455 1561 706 1647 optima
752 1560 1032 1625 occurrit
1077 1580 1211 1624 vox
1264 1561 1606 1636 ‚,sed2‘tiosz‘“
1669 1559 1874 1644 (Elog.
1916 1562 2085 1626 Mari
2132 1562 2197 1627 C.
2224 1563 2271 1627 I.
2299 1562 2371 1628 L.
2407 1563 2497 1646 12,
2545 1586 2606 1649 p.
2646 1566 2793 1647 195,
2843 1568 2911 1630 et

454 1680 629 1743 auct.
679 1675 758 1741 de
807 1676 926 1740 vir.
961 1674 1050 1740 ill.
1089 1677 1192 1757 67,
1229 1676 1298 1739 3:
1367 1679 1720 1762 „seditiosos
1779 1699 1857 1742 ex
1916 1678 1978 1742 S.
2029 1677 2093 1743 C.
2143 1682 2482 1744 interemit“
2518 1680 2559 1767 ¹)
2620 1678 2907 1745 sortasse

454 1813 535 1857 ex
582 1792 723 1878 ipso
773 1792 838 1856 S.
875 1791 939 1856 C.
987 1791 1289 1877 repetita.
1383 1790 1470 1856 Et
1529 1813 1597 1856 re
1657 1814 1821 1857 vera
1866 1793 2149 1858 Marium
2210 1794 2384 1859 inter
2430 1794 2780 1860 seditiosos
2840 1796 2909 1860 in

452 1908 839 1973 universum
887 1907 1098 1972 dictos
1143 1910 1491 1993 praetorem
1539 1907 1940 1990 magistratu
1987 1908 2377 1991 fungentem
2425 1931 2773 1976 numerare
2805 1912 2909 1975 in-

451 2022 783 2088 vidiosum
854 2026 1016 2105 erat,
1088 2026 1167 2088 ut
1235 2022 1482 2108 optimo
1554 2023 1694 2088 iure
1767 2044 1942 2088 anno
2011 2025 2094 2088 63
2158 2024 2262 2089 sui
2321 2025 2647 2111 purgandi
2705 2048 2911 2092 causa

453 2139 754 2222 Marium,
817 2139 929 2224 qui
990 2137 1199 2204 multo
1252 2138 1464 2221 magis
1515 2160 1716 2223 quam
1765 2139 1906 2224 ipse
1952 2139 2131 2222 leges
2179 2139 2557 2207 violaverat
2601 2182 2688 2188 --
2736 2142 2908 2207 Len-

453 2254 635 2320 tulus
669 2255 845 2319 enim
876 2258 1163 2340 praetura
1196 2275 1266 2319 se
1300 2253 1734 2319 abdicaverat
1770 2254 1919 2341 (Cic.
1948 2254 2090 2320 Cat.
2113 2255 2220 2338 III,
2253 2256 2365 2338 153
2398 2256 2508 2338 IV,
2539 2258 2609 2340 33
2637 2256 2716 2322 cf.
2746 2257 2904 2324 Sall.

455 2370 594 2435 Cat.
631 2370 735 2452 50,
765 2370 840 2453 33
887 2369 1254 2435 Mommsen
1303 2369 1637 2434 St.-R.111
1689 2372 1881 2452 1067,
1915 2371 1981 2459 4)
2031 2411 2119 2418 —
2166 2371 2383 2437 Cicero
2436 2372 2729 2438 afferret.

665 2486 875 2552 Ceteri
921 2484 1143 2551 fontes
1191 2485 1381 2551 varia
1429 2484 1507 2551 de
1555 2485 1621 2551 S.
1668 2486 1732 2552 C.
1770 2485 2113 2552 tradentes
2160 2486 2326 2552 nihil
2375 2488 2536 2554 certi
2583 2489 2910 2575 praebent:

454 2606 628 2667 auct.
680 2601 758 2667 de
807 2602 927 2667 vir.
962 2601 1052 2667 ill.
1093 2604 1195 2685 73,
1236 2603 1317 2667 10
1369 2601 1471 2688 (cf.
1522 2604 1763 2667 Ascon.
1813 2603 1944 2667 Pis.
1998 2603 2143 2691 6Κ)
2190 2603 2546 2669 formulam
2595 2606 2754 2669 anni
2804 2606 2910 2688 63,

453 2739 653 2802 quam
724 2722 1102 2803 suspectam
1174 2739 1319 2783 esse
1385 2716 1694 2801 vidimus,
1769 2719 2070 2804 apponit3
2141 2720 2428 2805 Appiani
2488 2721 2696 2786 verba
2754 2742 2910 2786 vero

453 2833 623 2919 (bell.
644 2834 766 2899 civ.
793 2834 840 2916 Ι,
870 2835 974 2916 32,
1010 2833 1050 2920 ξ
1081 2836 1232 2918 144)
1264 2830 1372 2899 καὶ
1404 2827 1627 2911 αὐτοὺς
1657 2838 1774 2919 τῆς
1806 2832 2023 2918 βουλῆς
2058 2832 2456 2920 ἀναιρεῖῑῆναι
2480 2837 2913 2922 ψηφισαμένης

453 2970 602 3013 cum
648 2971 723 3015 eo
772 2949 948 3015 falsa
995 2954 1173 3032 sunt,
1223 2951 1383 3035 quia
1427 2950 1553 3015 hoc
1601 2949 1666 3015 S.
1704 2950 1769 3015 C.
1804 2949 1983 3015 facto
2018 2949 2268 3015 Marius
2315 2949 2519 3015 sidem
2570 2950 2725 3017 dare
2775 2972 2910 3016 non

449 3065 688 3150 potuit,
738 3068 882 3130 tum
940 3065 1080 3130 loco
1144 3065 1472 3130 Ciceronis
1527 3064 1606 3130 de
1657 3064 1937 3131 Glaucia
1984 3087 2104 3131 nec
2152 3087 2287 3131 non
2334 3069 2481 3131 tota
2529 3066 2911 3132 defensione
2975 3077 2978 3080 '

449 3181 913 3266 reprobantur3
963 3182 1047 3267 ab
1082 3182 1368 3267 Appiani
1398 3180 1585 3247 fonte
1622 3203 1697 3246 eo
1741 3182 2012 3247 consilio
2047 3182 2211 3247 ficta
2242 3186 2420 3265 sunt,
2456 3186 2534 3248 ut
2565 3183 2912 3268 supposita

452 3294 515 3359 S.
553 3294 616 3360 C.
654 3294 853 3359 simili
886 3297 1047 3378 eius,
1093 3318 1221 3381 quo
1270 3297 1468 3361 nixus
1516 3299 1753 3382 postea
1788 3297 2006 3362 Cicero
2048 3298 2117 3362 in
2152 3297 2572 3363 Catilinarios
2606 3297 2909 3363 animad-

448 3411 670 3494 vertit,
733 3412 982 3477 Marius
1043 3415 1473 3477 excusaretur
1521 3411 1623 3498 (cf.
1667 3412 1843 3477 infra
1891 3413 2045 3500 3b).
2142 3412 2205 3478 S.
2258 3413 2322 3478 C.
2373 3414 2620 3496 igitur
2665 3413 2912 3478 verba

450 3547 699 3611 neque
770 3549 805 3592 e
877 3527 1243 3593 Cicerone
1346 3549 1603 3612 neque
1675 3550 1767 3593 ex
1837 3527 2028 3593 aliis
2098 3528 2465 3594 fontibus
2537 3527 2910 3611 colligere

449 3640 667 3725 licet3
738 3641 827 3708 de
888 3646 1349 3726 argumento
1414 3644 1584 3709 eius
1651 3643 2172 3709 statuendum
2229 3647 2377 3726 est,
2447 3643 2910 3709 consulibus

449 3756 527 3820 in
604 3756 1080 3840 „seditiosos
1151 3759 1412 3824 cives“
1475 3763 1972 3846 potestatem
2030 3781 2490 3825 concessam
2538 3780 2737 3841 esse,
2795 3759 2911 3825 ita

450 3874 741 3954 tamen,
799 3877 887 3939 ut
932 3896 1023 3939 ex
1071 3875 1211 3957 eiS,
1262 3876 1394 3959 qui
1440 3879 1604 3940 tum
1649 3875 2279 3958 magistratibus
2325 3875 2906 3958 fungebantur,

449 4009 673 4054 nemo
721 3990 1188 4055 nominatim
1234 3991 1558 4076 imperio
1609 3985 2192 4057 excluderetur,

661 4104 825 4170 Post
877 4104 942 4170 S.
988 4105 1053 4170 C.
1093 4105 1370 4189 factum,
1435 4106 1800 4172 secundum
1856 4107 2186 4172 Ciceronis
2242 4107 2713 4188 narrationem,
2771 4127 2910 4171 con-

446 4220 604 4285 sules
644 4241 849 4286 omnes
896 4222 1172 4287 tribunos
1205 4224 1295 4304 pl.
1329 4229 1386 4289 ct
1405 4229 1711 4305 proetores
1745 4228 1982 4305 proeter
2017 4223 2432 4289 Saturninum
2482 4229 2538 4288 et
2576 4223 2907 4288 Glauciam

668 4422 707 4489 ¹)
746 4424 905 4491 locos,
958 4425 1150 4490 quibus
1204 4432 1481 4492 praetereae
1531 4428 1804 4494 reperitur
1848 4428 1966 4493 (vir.
1996 4427 2069 4478 ill.
2110 4426 2195 4493 73,
2227 4426 2313 4494 10,
2350 4428 2564 4494 Ampel.
2592 4427 2677 4493 26,
2696 4426 2749 4493 3,
2786 4426 2907 4479 Val.

446 4511 591 4563 Max,
619 4512 714 4579 111,
753 4512 918 4581 218,
958 4513 1050 4582 VI,
1087 4515 1139 4581 3,
1161 4515 1211 4579 1)
1247 4515 1506 4567 adhibere
1545 4532 1650 4568 non
1691 4517 1833 4568 licet.
