3485 5069
1562 326 1920 380 -72-

514 505 970 598 consentiunt3
999 503 1394 589 (Hirschfeld
1417 505 1719 592 pg.133);
1749 503 2154 569 dissentiunt
2177 504 2243 569 in
2271 526 2367 587 eo,
2395 505 2572 590 quod
2601 506 2669 570 in
2695 506 2964 572 exilium

511 618 848 706 profectus
897 641 1043 684 esse
1092 619 1330 684 dicitur
1377 622 1500 684 aut
1546 623 1704 685 ante
1752 623 2090 705 peractam
2139 642 2414 685 causam
2461 620 2579 707 (ita
2609 620 2751 687 Liv.
2785 622 2961 688 Plut.

511 735 655 800 Dic.
692 734 818 800 Cic.
855 734 934 800 de
980 756 1112 821 rep.
1147 735 1193 818 Ι,
1231 736 1291 818 3,
1330 736 1411 822 6),
1462 738 1584 801 aut
1631 736 1882 818 amicis,
1931 757 2014 801 ne
2046 737 2116 800 in
2150 757 2473 801 carcerem
2505 735 2961 819 abduceretur,

512 850 794 916 multam
858 872 929 916 se
989 872 1310 937 pensuros
1372 852 1991 938 promittentibus.1)
2110 853 2330 936 Atque
2397 853 2744 919 Antiatem
2790 854 2963 920 fores

515 971 759 1032 aeratas
844 987 976 1031 non
1063 967 1446 1032 exhibuisse
1529 989 1564 1032 e
1649 967 1839 1033 Livio
1919 967 2293 1032 Hirschfeld
2364 967 2545 1054 (134,
2636 967 2789 1034 adn.
2852 970 2962 1056 43)

514 1081 865 1164 concludit,
917 1104 1065 1147 cum
1112 1086 1341 1148 tamen
1402 1081 1579 1169 apud
1627 1082 2040 1169 Dionysium,
2099 1084 2154 1148 si
2201 1082 2317 1148 illa
2364 1084 2764 1149 narrationis
2811 1107 2964 1170 pars

512 1201 828 1281 exstaret,
878 1199 1018 1263 iure
1067 1220 1180 1264 eos
1237 1201 1803 1285 exspectaremus:
1868 1198 2043 1282 quod
2091 1221 2125 1264 e
2176 1198 2531 1264 Plutarcho
2592 1199 2966 1265 Hirschfeld

513 1315 736 1380 sumit.
877 1314 1002 1394 Qui
1064 1318 1312 1396 autem,
1360 1313 1536 1399 quod
1590 1314 1934 1379 tribunum
1983 1313 2378 1399 (Hirschfeld
2438 1316 2582 1398 133,
2633 1314 2785 1382 adn.
2833 1318 2963 1403 40),

515 1451 650 1495 non
698 1434 1115 1515 quaestorem,
1166 1430 1660 1496 accusationem
1708 1430 2083 1495 instituisse
2116 1429 2340 1512 tradit,
2381 1434 2618 1516 praeter
2658 1431 2966 1497 Pisonem

511 1546 716 1611 alium
750 1549 1089 1612 auctorem
1121 1550 1392 1611 secutus
1426 1549 1547 1628 est,
1584 1549 1662 1611 et
1692 1545 2046 1611 fortasse
2080 1547 2489 1612 Antiatem
2530 1548 2901 1633 inspexit.
2922 1549 2964 1635 2)

511 1661 581 1726 Si
650 1683 806 1727 vero
866 1684 935 1727 re
995 1684 1156 1727 vera
1218 1661 1397 1747 apud
1443 1662 1838 1748 Dionysium
1886 1662 2127 1727 Antias
2188 1661 2378 1745 latet,
2444 1662 2743 1728 Livius
2805 1684 2965 1728 non

512 1777 820 1861 omnia,
871 1799 1046 1862 quae
1107 1778 1417 1843 Antias
1465 1778 1913 1859 narrabat,
1963 1776 2182 1859 refert,
2233 1780 2303 1842 et
2346 1799 2479 1843 non
2529 1778 2743 1843 solum
2791 1779 2965 1844 fores

510 1895 774 1975 aerataS,
838 1892 955 1958 sed
1014 1893 1216 1957 etiam
1267 1891 1688 1957 abductionis
1735 1892 1987 1957 minam
2036 1914 2078 1957 a
2125 1892 2443 1979 Dionysio
2493 1892 2580 1957 ad
2625 1893 2966 1960 Valerium

510 2009 869 2073 transferre
892 2009 1135 2074 licebit.
1186 2008 1293 2073 Sic
1309 2011 1536 2073 autem
1554 2006 1640 2073 ad
1659 2007 1982 2094 Scipionis
2002 2030 2295 2090 causam,
2325 2008 2592 2092 qualem
2615 2031 2763 2074 eam
2790 2009 2967 2075 idem

510 2124 752 2189 Antias
801 2122 1094 2207 tradidit,
1145 2123 1400 2189 Camilli
1446 2145 1644 2210 prope
1694 2122 1969 2205 accedit,
2021 2123 2446 2189 distinctione
2494 2125 2593 2189 ita
2637 2124 2840 2207 facta,
2890 2129 2968 2191 ut

511 2239 689 2304 hunc
749 2240 1059 2305 tribunus
1124 2244 1423 2322 accuset,
1484 2241 1554 2304 in
1616 2239 1803 2305 illum
1863 2240 2206 2322 rogatione
2268 2240 2625 2305 tribunicia
2684 2242 2965 2324 quaestio
3038 2287 3050 2302 .

510 2355 925 2421 instituatur.

726 2488 795 2554 Si
843 2492 1072 2555 autem
1117 2492 1294 2555 recte
1343 2510 1491 2554 cum
1541 2488 1865 2575 Caepionis
1912 2489 2281 2575 quaestione
2329 2489 2651 2577 Scipionis
2701 2511 2962 2577 compa-

510 2606 828 2688 ravimus,
893 2605 1097 2671 etiam
1147 2605 1402 2671 Camilli
1459 2605 1546 2671 ad
1605 2604 1778 2671 idem
1843 2605 2214 2691 exemplum
2280 2606 2365 2671 ab
2412 2606 2688 2671 Antiate
2733 2606 2965 2671 fictam

512 2743 657 2787 6666
706 2743 949 2787 nomen
995 2722 1066 2786 L.
1102 2721 1385 2808 Appulei
1432 2721 1685 2786 tribuni
1705 2722 1750 2808 3)
1801 2721 2009 2787 docet.
2104 2723 2324 2805 Atque
2372 2720 2501 2786 illae
2549 2723 2965 2787 narrationes

512 2838 792 2924 copiosae
839 2837 1127 2902 fortasse
1161 2837 1508 2902 scientiam
1542 2840 1845 2901 nostram
1887 2835 1966 2902 de
1998 2837 2319 2923 Caepionis
2355 2859 2560 2902 causa
2592 2838 2964 2921 augebunt:

511 2952 948 3019 Saturninum
994 2954 1358 3036 rogationis
1406 2956 1745 3018 auctorem
1795 2951 2275 3036 demonstrant,
2309 2953 2850 3018 intercessionem
2898 2958 2967 3020 et

509 3068 739 3151 fugam
789 3068 957 3153 (Val.
992 3068 1167 3134 Max.
1203 3068 1312 3150 IV,
1359 3070 1415 3151 7,
1451 3069 1512 3154 3)
1563 3067 1981 3133 confirmant.
2043 3068 2115 3133 L.
2149 3067 2513 3154 Appuleius
2562 3068 2964 3135 Saturninus

509 3183 711 3266 igitur
770 3184 919 3250 trib.
967 3184 1052 3270 pl.
1093 3185 1503 3266 rogationem
1561 3183 1736 3266 tulit,
1800 3187 1878 3249 ut
1937 3184 2216 3269 quaestio
2279 3183 2357 3248 de
2419 3205 2580 3249 auro
2635 3184 2964 3251 Tolosano

510 3299 990 3365 institueretur.
1083 3300 1318 3383 Itaque
1379 3321 1517 3364 una
1578 3321 1726 3364 cum
1775 3299 2111 3365 nonnullis
2160 3299 2307 3364 aliis
2356 3299 2570 3386 Caepio
2617 3300 2965 3386 peculatus

731 3624 769 3690 ¹)
808 3624 1100 3691 Dionysius
1141 3632 1195 3677 61
1233 3626 1533 3693 Appianus,
1585 3625 1678 3689 qui
1717 3639 1745 3676 6
1785 3623 2043 3691 Dionysio
2082 3638 2179 3675 sua
2215 3622 2379 3674 habet
2417 3622 2712 3674 secundum
2750 3620 2967 3673 Hirsch-

511 3711 626 3764 feld
664 3713 785 3780 133,
823 3714 947 3765 adn.
987 3713 1071 3767 38.

726 3828 767 3896 2)
806 3830 1156 3881 Plutarchum
1196 3836 1248 3880 et
1283 3828 1511 3881 Dionem
1561 3844 1588 3880 6
1616 3828 1765 3880 Livio
1805 3835 1859 3879 61
1884 3827 2142 3895 Dionysio
2168 3824 2482 3878 Hirschfeld
2521 3825 2726 3878 derivat
2765 3842 2815 3891 p.
2845 3825 2965 3892 133,

510 3917 638 3971 adn.
677 3919 772 3986 383
810 3919 881 3972 40
918 3920 1115 3971 rectius
1155 3934 1181 3969 6
1221 3919 1333 3971 6016
1371 3918 1541 3970 Livio.

726 4033 764 4098 ⁸)
793 4034 1028 4099 Appulei
1054 4049 1244 4086 nomen
1268 4040 1487 4099 propter
1512 4032 1644 4083 Furi
1671 4033 1796 4084 trib.
1826 4034 1895 4098 pl.
1934 4048 2053 4083 cum
2080 4031 2368 4083 Saturnino
2393 4031 2697 4083 inimicitias
2712 4027 2801 4095 (cf.
2824 4027 2968 4080 infra

510 4123 608 4190 III,
636 4125 692 4189 6)
731 4123 1089 4175 introduxisse
1128 4123 1406 4175 Antiatem
1432 4123 1555 4174 Pais
1593 4121 1795 4188 (Storia
1822 4122 1876 4173 di
1902 4122 2072 4174 Roma
2107 4121 2151 4188 Ι,
2177 4122 2228 4188 2,
2268 4137 2352 4187 pg.
2383 4121 2465 4174 19.
2494 4122 2582 4186 38)
2617 4127 2827 4187 censet,
2858 4135 2961 4171 non

512 4221 677 4279 recte,
718 4228 837 4264 eum
875 4212 942 4264 de
981 4211 1118 4287 odio,
1141 4213 1232 4264 illo
1270 4211 1405 4263 nihil
1442 4219 1626 4264 notum
1666 4212 1754 4278 sit,
1805 4212 1906 4262 nisi
1944 4210 2085 4277 quod
2122 4226 2154 4262 a
2193 4210 2538 4276 popularibus
2577 4209 2645 4261 ad
2682 4209 2966 4275 optimates

512 4309 698 4369 postea
736 4302 965 4354 transiit.
1027 4301 1135 4353 Res
1173 4302 1432 4354 Romanae
1472 4301 1860 4367 antiquissimae
1899 4316 2039 4367 saepe
2079 4308 2353 4365 tamquam
2381 4299 2640 4365 imagines
2665 4305 2966 4364 temporum

509 4392 870 4443 recentiorum
909 4398 1059 4443 sunt:
1100 4388 1167 4442 cf.
1200 4390 1488 4447 Schwartz,
1537 4390 1693 4443 Notae
1731 4390 1799 4442 de
1827 4389 2185 4441 Romanorum
2211 4387 2509 4439 annalibus
2547 4384 2964 4453 Preisaufgaben

510 4479 805 4546 Gottingen
846 4480 1014 4548 19033
1067 4480 1133 4531 de
1187 4479 1492 4531 huiusmodi
1530 4480 1731 4531 causis:
1784 4479 2097 4543 Mommsen,
2136 4476 2301 4529 St.-R.
2340 4475 2435 4543 11⁸,
2471 4476 2593 4543 318,
2632 4477 2680 4528 1.
