3485 5069
1579 333 1933 386 -36-

529 507 977 574 condicionem
1024 509 1151 574 sibi
1198 509 1565 591 constituit,
1617 508 1789 574 clare
1838 508 2271 593 demonstrat,
2322 532 2474 576 eum
2514 513 2795 598 priorem
2829 535 2979 578 sen-

526 624 810 689 tentiam
830 646 1132 711 prorsum
1147 623 1470 711 deponere
1489 624 1782 690 noluisse
1800 624 1917 690 sed
1934 624 2419 710 quodammodo
2439 649 2586 692 eam
2603 630 2977 696 retinuisse.

526 740 821 820 Quocum
870 742 1204 806 consentit
1263 740 1615 827 explicatio
1679 740 1766 805 ab
1823 741 2125 827 Appiano
2190 740 2257 828 (ξ
2309 743 2457 828 136)
2516 743 2796 828 prolata,
2846 767 2980 830 qua

525 857 776 943 optima
833 857 1092 922 ratione
1160 856 1538 922 honestatis
1588 857 1839 942 species
1887 856 2294 939 fingebatur:
2356 858 2587 924 timere
2636 881 2707 924 se
2754 860 2979 947 populi

522 994 637 1059 pro
685 972 827 1055 lege
883 970 1126 1054 studia,
1190 992 1311 1036 nec
1372 971 1608 1037 obsisti
1668 993 1896 1058 posse3
1956 972 2223 1038 meliore
2285 976 2578 1059 tempore
2638 975 2765 1058 leX,
2830 997 2977 1060 quae

522 1110 655 1154 non
687 1088 828 1153 iure
852 1091 1089 1170 rogata
1114 1088 1220 1170 sit,
1256 1088 1642 1170 abrogetur:
1678 1086 1855 1173 quod
1879 1090 1957 1153 ut
1981 1088 2122 1153 sine
2148 1089 2427 1174 periurio
2454 1089 2671 1155 facere
2695 1092 2973 1176 possint,

519 1196 754 1289 illudafi
787 1201 969 1288 νόμος
999 1202 1159 1269 ἐστίν
1205 1203 1611 1268 iuriiurando
1659 1204 1979 1268 inserant.
2043 1203 2286 1269 Contra
2332 1205 2511 1291 apud
2543 1205 2975 1272 Plutarchum

518 1318 868 1385 recusandi
898 1318 1324 1385 iurisiurandi
1357 1322 1845 1402 argumentum,
1881 1340 2010 1403 quo
2046 1320 2481 1405 optimatibus
2515 1320 2721 1386 fidem
2743 1322 2971 1404 faciat,

519 1436 714 1522 plane
763 1435 1203 1518 desideratur,
1264 1457 1381 1522 pro
1443 1457 1573 1520 quo
1633 1434 1895 1521 illepide
1942 1435 2129 1516 Mari,
2180 1436 2294 1520 qui
2351 1439 2703 1503 sententiae
2749 1442 2972 1503 muta-

518 1552 768 1616 tionem
823 1551 1118 1637 improbo
1186 1550 1359 1616 dicto
1423 1554 1636 1629 ornat,
1708 1551 1983 1634 „innata
2051 1551 2468 1637 impudentia
2539 1553 2972 1639 componendi

516 1666 864 1732 mendacia
910 1667 1365 1753 promissaque
1398 1666 1584 1731 irrita
1614 1665 1939 1731 faciendi“
1996 1666 2076 1753 (p.
2111 1668 2261 1751 361,
2300 1670 2339 1732 6
2388 1662 2571 1745 αὐτὸς
2602 1668 2710 1755 μὲν
2740 1665 2856 1755 γὰρ
2888 1669 2974 1745 εἰς

515 1781 741 1869 ἀρετῆς
771 1779 878 1847 καὶ
908 1779 1250 1867 δεινότητος
1280 1781 1495 1867 μερίδα
1526 1776 1595 1847 τὸ
1628 1779 1983 1868 ψεύσασῗται
2005 1784 2326 1867 τιῖςέμενος
2355 1808 2415 1849 κ.
2435 1808 2489 1849 τ.
2506 1786 2581 1873 λ.)
2613 1784 2966 1851 inducitur.

729 1897 917 1979 Quod
963 1899 1168 1964 etiam
1216 1897 1295 1963 de
1341 1897 1504 1981 loco,
1556 1898 1669 1962 ubi
1714 1898 1964 1964 Marius
1996 1898 2277 1964 alteram
2310 1902 2714 1966 sententiam
2745 1900 2969 1986 palam

515 2014 771 2097 dixerit,
807 2015 1156 2100 scriptores
1190 2013 1614 2096 dissentiunt,
1649 2014 1745 2078 sic
1778 2013 1856 2078 de
1883 2036 1964 2079 ea
1994 2036 2063 2078 re
2092 2014 2554 2098 iudicabimus,
2588 2018 2968 2103 Appianum

512 2135 687 2197 recte
736 2134 1103 2196 senatum
1150 2129 1288 2194 illo
1339 2128 1463 2193 die
1517 2128 1883 2194 habitum
1939 2130 2199 2213 afferre,
2259 2130 2690 2197 Plutarchum
2739 2137 2966 2198 autem

511 2247 582 2311 vi
629 2246 891 2312 cuidam
940 2245 1321 2311 dramaticae
1383 2243 1766 2310 studentem
1813 2244 2031 2310 locum
2080 2247 2433 2312 sententiae
2478 2247 2766 2312 ferendae
2815 2270 2962 2313 cum
3027 2234 3030 2235 ⁷

511 2362 652 2428 loco
715 2361 1140 2427 iurisiurandi
1197 2361 1619 2427 coniunxisse
1676 2365 1881 2447 atque
1929 2361 2288 2445 silentium,
2352 2362 2528 2447 quod
2574 2364 2641 2427 in
2689 2363 2875 2429 fonte
2920 2387 2965 2428 x

508 2478 677 2545 Mari
721 2478 929 2544 verba
976 2477 1399 2563 sequebatur,
1462 2482 1620 2545 ante
1684 2500 1765 2544 ea
1812 2479 2323 2565 transposuisse.
2420 2479 2607 2546 Certe
2654 2501 2809 2546 vero
2859 2501 2963 2546 se-

508 2600 713 2661 natus
775 2593 1140 2660 secundum
1186 2616 1231 2658 x
1276 2593 1472 2680 plane
1521 2617 1563 2659 a
1608 2594 1816 2660 Mario
1866 2594 2180 2681 deceptus
2244 2599 2361 2660 est
2461 2596 2655 2681 (Plut.
2692 2598 2841 2679 361,
2877 2598 2964 2661 25

506 2705 650 2787 τοὺς
695 2708 976 2797 ἀρίστους
1020 2708 1335 2797 κατήφεια
1386 2709 1548 2795 δεινὴ
1596 2708 1704 2775 καὶ
1752 2718 1926 2797 μῖσος
1972 2709 2109 2795 ἔσχε
2157 2708 2263 2776 τοῦ
2312 2716 2395 2778 Μ.
2428 2709 2544 2795 τῆς
2589 2711 2962 2798 μεταβολής;

506 2829 672 2914 App.
707 2828 754 2908 Ι,
805 2829 910 2911 31,
961 2825 1001 2913 ξ
1045 2827 1170 2890 137
1216 2824 1312 2892 ὑπ’
1351 2824 1745 2914 ἐκπλήξεως).

720 2943 815 3008 De
870 2942 1012 3025 lege
1068 2964 1278 3029 porro,
1337 2964 1471 3027 qua
1515 2942 1780 3008 Metello
1830 2964 2009 3027 aqua
2056 2946 2123 3008 et
2168 2943 2305 3026 igni
2351 2942 2869 3026 interdiceretur,
2918 2965 2960 3008 a

506 3058 866 3125 Saturnino
928 3064 1164 3140 rogata
1225 3058 1419 3144 (Plut.
1480 3059 1629 3141 362,
1691 3060 1734 3122 4
1808 3060 1880 3123 ἐκ
1933 3056 2148 3124 τούτου
2204 3058 2542 3145 ψηφίζεται
2596 3064 2961 3144 Σατορνῖνος

504 3173 861 3260 ἐπικηρῦξαι
905 3170 1049 3252 τοὺς
1093 3172 1362 3251 ὑπάτους
1406 3169 1572 3251 ὅπως
1616 3171 1800 3261 πυρὸς
1847 3173 1954 3239 καὶ
1996 3170 2222 3251 ὕδατος
2268 3172 2376 3239 καὶ
2424 3178 2648 3261 στέγης
2685 3174 2960 3260 εἴργηται

503 3293 815 3367 Μέτελλος
858 3322 946 3347 --
993 3294 1158 3377 App.
1193 3289 1232 3377 ξ
1271 3293 1395 3355 139
1444 3289 1736 3377 ψήφισμά
1780 3314 1852 3356 τε
1885 3294 2079 3377 φυγῆς
2109 3292 2449 3377 ἐπέγραφον
2482 3288 2649 3379 αὐτῷ
2679 3288 2788 3355 καὶ
2817 3286 2960 3367 τοὺς

499 3399 770 3482 ὑπάτους
824 3405 1181 3491 ἐπικηρῦξαι
1235 3405 1683 3490 προςετίῗησαν
1730 3408 1964 3491 μηδένα
2010 3407 2300 3495 Μετέλλῳ
2347 3414 2646 3471 κοινωνεῖν
2693 3400 2871 3489 πυρὸς
2913 3402 2955 3489 ἦ

497 3517 726 3597 ὕδατος
754 3518 798 3606 ἥ
831 3522 1073 3608 στέγης)
1122 3543 1164 3586 a
1208 3520 1414 3586 Mario
1462 3525 1615 3607 post
1660 3522 1909 3587 inimici
1958 3521 2324 3587 discessum
2370 3522 2759 3587 renuntiata
2796 3542 2953 3586 auc-

503 3641 681 3703 tores
730 3638 1176 3703 consentiunt.
1255 3636 1490 3702 Melius
1539 3640 1770 3701 tamen
1815 3639 2161 3724 Appianus
2208 3642 2581 3724 temporum
2627 3638 2954 3702 rationem

500 3756 747 3835 servat,
815 3753 1131 3837 quoniam
1194 3774 1275 3817 ea
1337 3752 1802 3817 tantummodo
1875 3752 2254 3819 condicione
2315 3753 2564 3818 Metelli
2631 3750 2952 3818 fortitudo

496 3867 903 3934 laudabatur
964 3868 1299 3953 animique
1363 3866 1775 3951 magnitudo,
1835 3889 1969 3952 qua
2025 3890 2108 3933 ne
2154 3891 2268 3955 pro
2326 3891 2452 3935 sua
2499 3868 2718 3935 salute
2767 3890 2954 3933 arma

498 3988 907 4070 caperentur,
944 3984 1248 4064 cavebat,
1284 3984 1361 4066 si,
1395 3984 1704 4067 quamvis
1736 3989 1996 4071 posset3
2035 4006 2118 4049 ne
2151 3985 2524 4051 interdictio
2557 3984 2954 4071 perferretur

495 4099 808 4185 impedire
856 4100 1180 4181 noluerat,
1231 4103 1306 4164 at
1350 4103 1586 4182 rogata
1643 4099 1721 4165 de
1773 4122 1843 4166 se
1891 4101 2034 4184 lege
2082 4103 2397 4186 quoniam
2444 4098 2833 4166 remanendi
2880 4101 2951 4164 in

494 4215 657 4280 urbe
702 4215 994 4281 facultas
1043 4215 1452 4295 demebatur,
1517 4215 1851 4282 discessus
1916 4217 2099 4283 laudi
2160 4239 2293 4282 non
2341 4216 2736 4282 tribuendus
2784 4221 2947 4282 erat.

494 4331 768 4396 Poenam
816 4331 957 4414 lege
1005 4332 1443 4396 constitutam
1491 4332 1835 4417 Appianus
1884 4332 1924 4419 ξ
1977 4334 2098 4398 131
2152 4333 2519 4420 (Plutarchi
2554 4355 2658 4418 pg.
2684 4334 2834 4414 361,
2864 4334 2950 4396 29

358 4509 363 4512 ,
491 4446 766 4530 ἐπιτίμια
791 4444 1105 4532 ἀνήκεστα
1137 4446 1196 4511 ei
1229 4468 1363 4511 non
1398 4446 1870 4537 obloquuntur)
1907 4448 2196 4532 exhibet,
2233 4470 2521 4534 quacum
2555 4451 2948 4532 congruunt,
