3485 5069
1605 356 1926 408 ,8.-

537 531 978 618 negaverat.¹)
1070 531 1194 596 Jus
1258 530 1507 597 scilicet
1563 536 1846 597 senatus
1889 533 2234 619 imperium
2282 532 2666 599 consulibus
2711 535 2783 599 in
2831 535 2989 600 urbe

539 645 940 712 concedendi
971 649 1040 712 et
1070 647 1176 712 ius
1209 646 1557 712 consulum
1588 647 1906 733 populum
1938 646 2026 712 ad
2071 669 2259 713 arma
2303 647 2589 715 vocandi
2636 649 2988 716 addubita-

538 765 758 828 verat:
828 762 1141 827 Rabirius
1204 763 1381 827 enim
1442 763 1500 828 si
1558 781 1693 828 non
1753 766 1929 828 recte
1979 763 2483 850 obtemperavit,
2544 786 2628 830 ne
2691 766 2991 832 consules

540 877 807 963 quidem
839 881 1015 944 recte
1047 879 1562 964 imperaverunt.
1637 878 1797 958 Quae
1829 878 2180 964 explicatio
2212 880 2462 963 Dionis,
2513 902 2555 946 a
2584 880 2989 947 Mommseno

540 992 950 1080 (Romisches
1013 993 1434 1060 Staatsrecht
1478 994 1558 1057 Ι3
1621 994 1773 1082 690)
1837 997 2127 1080 accepta,
2178 996 2423 1081 optime
2469 1017 2620 1061 cum
2668 997 2991 1063 Ciceronis

536 1110 759 1176 verbis
809 1107 877 1196 (ξ
930 1110 1126 1194 1-5)
1176 1109 1495 1192 congruit.

750 1228 1073 1291 Attamen
1120 1225 1444 1292 nonnulla
1488 1225 1823 1292 monenda
1871 1229 2058 1292 sunt:
2107 1227 2255 1312 quis
2301 1228 2407 1292 ius
2441 1228 2846 1312 antiquitate
2875 1229 2991 1293 fir-

537 1344 797 1407 matum
845 1344 1091 1407 temere
1140 1363 1182 1407 a
1213 1341 1509 1407 Labieno
1557 1342 1626 1405 in
1676 1341 1952 1407 dubium
1983 1346 2299 1409 vocatum
2328 1364 2474 1408 esse
2506 1364 2639 1409 non
2672 1344 2991 1410 miretur?

538 1456 774 1522 Nonne
830 1458 971 1543 ipse
1032 1458 1480 1524 accusationis
1540 1458 1681 1523 vim
1726 1479 2123 1544 magnopere
2172 1457 2588 1541 debilitabat,
2638 1480 2787 1524 cum
2834 1481 2991 1542 una,

538 1571 716 1656 quod
759 1575 936 1638 recte
971 1573 1190 1639 Cicero
1238 1576 1430 1656 urget
1479 1571 1541 1659 (ξ
1583 1574 1712 1662 26),
1763 1576 1885 1657 tot,
1934 1574 2135 1640 immo
2181 1574 2498 1661 plurimos
2545 1558 2722 1640 illius
2771 1575 2991 1641 aetatis

534 1688 714 1754 viros
761 1709 908 1754 reos
954 1689 1254 1755 faceret?
1322 1689 1450 1754 Cur
1482 1688 1677 1754 caedis
1711 1689 1979 1755 crimine
2013 1690 2376 1774 ceterisque
2412 1689 2667 1755 delictis
2703 1688 2767 1776 (ξ
2796 1692 2990 1779 6-8)

534 1824 670 1868 11011
719 1807 1073 1870 contentus
1120 1803 1285 1869 illud
1337 1808 1453 1887 „et
1515 1805 1827 1870 omnino
1894 1826 2045 1871 non
2106 1805 2270 1870 iure
2333 1826 2549 1870 arma
2611 1807 2984 1892 sumpsit“

539 1916 813 2002 addidit,
863 1919 1040 2004 quod
1087 1941 1129 1984 a
1176 1920 1482 1985 Cicerone
1528 1919 1843 1985 facillime
1889 1921 2259 1985 refutatum
2305 1921 2383 1985 iri
2431 1922 2733 1987 sciebat‘?

751 2035 1044 2128 Pugnat,
1078 2036 1283 2101 etiam
1346 2039 1577 2101 contra
1639 2035 2033 2102 Mommseni
2096 2036 2472 2123 opinionem
2534 2037 2861 2102 Ciceronis
2921 2037 2992 2101 in

535 2148 577 2236 ἓ
623 2152 724 2216 18.
764 2152 845 2215 19
896 2150 1225 2233 deductio,
1278 2151 1466 2216 'cuius
1515 2173 1781 2216 summa
1825 2151 1968 2216 haec
2014 2155 2146 2217 est:
2202 2173 2373 2235 „non
2421 2153 2709 2218 occisum
2757 2173 2903 2218 esse
2950 2174 2992 2216 a

535 2265 807 2332 Rabirio
854 2266 1294 2333 ⁴Saturninum
1340 2267 1709 2332 Hortensio
1747 2266 2099 2333 concedere
2134 2267 2359 2334 debes:
2410 2290 2817 2355 quamquam
2849 2288 2989 2351 eg0,

537 2382 595 2446 si
650 2382 814 2447 mihi
875 2381 1090 2448 denuo
1152 2383 1466 2449 Rabirius
1528 2376 2010 2449 defendendus
2044 2388 2240 2466 esset,
2303 2383 2371 2448 id
2424 2385 2642 2471 ipsum
2691 2383 2992 2450 confiteri

534 2518 671 2565 non
721 2497 1126 2565 dubitarem:
1194 2500 1434 2587 quippe
1481 2502 1658 2566 recte
1707 2503 1777 2566 et
1821 2500 1996 2566 iuste
2045 2500 2225 2583 facit,
2277 2500 2390 2586 qui
2436 2500 2661 2587 populi
2705 2498 2992 2567 Romani

535 2614 799 2681 hostem
864 2599 1120 2682 occidit.
1215 2618 1436 2701 Atque
1501 2617 1559 2681 si
1616 2620 1926 2682 accurate
1982 2639 2121 2682 rem
2170 2616 2684 2699 consideramus,
2749 2614 2991 2681 caedem

537 2732 964 2817 perpetravit,
1017 2733 1326 2817 quamvis
1375 2732 1812 2799 Saturninum
1871 2754 2006 2798 non
2054 2732 2391 2815 occiderit,
2454 2730 2990 2817 quandoquidem

537 2845 711 2912 idem
782 2850 886 2913 est
955 2847 1245 2914 occidere
1282 2852 1521 2933 'atque
1593 2848 1929 2914 occidendi
1991 2870 2197 2914 causa
2256 2871 2444 2914 arma
2504 2870 2756 2934 capere.
2853 2849 2991 2912 Aut

537 2957 755 3045 igitur
794 2953 949 3029 ‘iure
995 2964 1343 3040 Rabirium
1392 2963 1754 3029 Saturnino
1825 2968 2104 3029 mortem
2173 2967 2564 3050 paraturum
2631 2964 2861 3045 fuisse,
2935 2963 2991 3027 si

524 3068 951 3164 paravisset,
985 3080 1110 3145 tibi
1157 3078 1651 3145 concedendum
1698 3082 1821 3162 est,
1871 3082 1993 3144 aut
2036 3080 2176 3144 iure
2224 3100 2377 3144 eum
2408 3101 2595 3144 arma
2628 3079 2990 3165 sumpsisse

538 3194 664 3259 tibi
696 3193 1355 3278 &denegandum'estz
1406 3194 1584 3280 quod
1628 3216 1806 3278 vero,
1855 3234 1943 3241 —
2002 3195 2102 3259 ita
2147 3194 2411 3277 lacuna,
2461 3198 2540 3260 ut
2586 3216 2621 3259 e
2669 3192 2709 3280 ξ
2758 3195 2845 3259 20
2893 3216 2989 3279 sq.

540 3314 836 3396 apparet,
910 3310 1296 3398 supplenda,
1360 3351 1448 3358 ——
1513 3311 1637 3376 tibi
1698 3311 1825 3396 ipsi
1887 3309 2251 3388 absurdum
2311 3308 2703 3375 videbitur.“
2802 3309 2991 3374 Itane

540 3421 758 3491 Cicero
788 3407 800 3489 Ἴ.
822 3401 1002 3511 1011111
1061 3430 1308 3514 posset,
1377 3425 1447 3492 si'
1498 3428 1633 3492 iam
1681 3428 1751 3490 in
1801 3425 2228 3491 accusatione
2274 3425 2613 3502 Labienus
2667 3424 2808 3490 iure
2855 3425 2991 3490 Ra-

536 3522 1028 3607 0111011101ωᾶ
1088 3543 1452 3629 sumpsisse
1541 3543 1905 3624 negasset?
1996 3540 2226 3626 Neque
2288 3541 2463 3605 enim
2509 3539 2826 3606 refutatio
2877 3538 2993 3605 sed

453 3668 459 3673 '
537 3641 744 3732 mera,
767 3658 1071 3743 repetitio
1121 3661 1303 3723 esset
1349 3660 1894 3741 argumentorum
1955 3678 1997 3721 a
2041 3655 2339 3722 Labieno
2401 3655 2827 3742 prolatorum,
2879 3655 2993 3739 qui

757 3862 797 3929 ¹)
835 3859 998 3932 §.232
1050 3830 1332 3916 idcircone
1377 3863 1625 3929 oportuit
1667 3860 1719 3915 G.
1749 3860 2048 3915 Rabirium
2095 3862 2393 3914 desciscere
2432 3877 2468 3912 a
2504 3876 2563 3913 re
2592 3859 2845 3928 publica,
2881 3874 2992 3911 uon

396 3956 428 3992 -“
474 3965 483 3980 ·
539 3967 857 4018 comparere
894 3954 953 4003 in
992 3953 1094 4005 illa
1132 3957 1355 4025 armata
1394 3950 1755 4004 multitudiue
1795 3950 2065 4004 bonorum
2101 3966 2263 4015 e.q.s.
2291 3949 2320 4018 g
2346 3949 2439 4002 24:
2479 3949 2581 4001 hoc
2618 3954 2679 4001 tu
2715 3949 2895 4017 iyitur
2932 3948 2988 3999 in
3052 3994 3055 3997 ,

446 4106 452 4113 ι
538 4041 741 4094 crimen
794 4052 998 4108 vocas,
1027 4041 1179 4109 quod
1229 4057 1348 4094 cum
1377 4041 1475 4095 ‚iis
1520 4040 1695 4107 fuerit
1739 4039 1793 4092 G.
1822 4039 2115 4110 RabiriuS,
2162 4053 2301 4106 quos
2338 4053 2498 4103 e.q.S.
2534 4037 2688 4106 §262
2739 4036 2905 4102 Nam,
2943 4038 2992 4089 si

540 4128 601 4183 G:
620 4115 896 4183 Rabirius
940 4130 1204 4196 fraudem
1252 4130 1546 4198 capitalem
1592 4129 1835 4194 admisit,
1883 4128 2034 4195 quod
2077 4143 2236 4179 arma
2282 4133 2481 4179 contra
2518 4125 2587 4177 L.
2615 4124 2992 4178 Saturninum

537 4219 665 4271 tulit
704 4235 747 4271 e.
763 4235 864 4284 qs.
893 4219 922 4288 ἓ
950 4219 1045 4273 28:
1085 4218 1328 4284 Etenim,
1365 4219 1416 4270 si
1447 4216 1500 4271 G.
1519 4217 1773 4282 Rabirio,
1802 4217 1952 4284 quod
1977 4218 2045 4268 iit
2069 4216 2147 4267 ad
2173 4232 2349 4284 arma,
2377 4230 2588 4267 crucem
2617 4213 2677 4265 T.
2698 4213 2993 4266 Labienus

498 4303 501 4306 ’
535 4309 600 4359 in
641 4324 831 4375 campo
859 4297 1073 4361 Martio
1114 4307 1465 4377 defiyeudam
1492 4308 1723 4375 putavit
1750 4322 1912 4371 eqs
1941 4307 1969 4375 ξ
1995 4306 2091 4359 31:
2129 4306 2398 4362 neminem
2425 4318 2538 4356 esse
2565 4303 2687 4356 dico
2710 4343 2722 4354 .
2748 4343 2788 4353 ..
2813 4343 2823 4354 .
2852 4303 2993 4369 quin

471 4442 476 4446 .
538 4411 697 4449 arma
726 4399 945 4465 ceperit,
980 4398 1116 4465 quin
1144 4397 1398 4450 consules
1421 4402 1643 4449 secutus
1667 4397 1756 4449 sit.
1806 4395 2003 4449 Omraes
2025 4436 2035 4447 .
2059 4436 2069 4446 .
2095 4437 2103 4447 .
2130 4436 2141 4447 .
2170 4394 2271 4446 abs
2298 4399 2347 4446 te
2371 4394 2453 4445 rei
2478 4393 2684 4459 capitis
2712 4388 2765 4444 0.
2785 4390 2994 4445 Rabiri

533 4469 752 4537 nomine
787 4486 1056 4539 citantur.
