3485 5069
1590 350 1944 403 „53—

762 526 892 592 Sed
940 526 1027 592 ad
1057 526 1213 591 belli
1247 548 1443 592 casus
1474 524 1825 591 redeamus
1859 547 2102 611 eosque
2134 524 2286 590 inde
2319 526 2405 591 ab
2439 547 2617 591 anno
2654 528 2781 592 102
2812 548 2996 614 repe-

542 646 794 708 tamus:
845 642 1212 708 secundum
1255 642 1685 708 Plutarchum
1726 642 1928 724 igitur
1959 663 2136 707 anno
2174 643 2320 724 102,
2370 639 2435 707 οὐ
2466 646 2716 719 πολλαῖς
2743 635 3000 730 ἡμέραις

546 758 621 845 (c.
649 760 756 842 22,
805 780 909 844 pg.
946 759 1096 842 353,
1151 761 1209 845 7)
1266 761 1621 844 postquam
1673 757 2011 823 consulem
2059 779 2130 823 se
2179 761 2472 823 creatum
2523 779 2668 849 esse
2716 757 2995 842 audivit,

542 874 793 939 Marius
824 874 1108 939 Romam
1157 874 1514 939 arcessitus
1564 876 1668 939 est
1715 894 1757 938 a
1789 873 2047 956 legatiS,
2083 874 2195 959 qui
2222 873 2439 939 Catuli
2472 873 2725 939 cladem
2757 874 2998 940 refere-

543 990 736 1072 bant3
771 989 1003 1055 statim
1035 988 1370 1074 profectus
1405 992 1510 1054 est
1543 988 1616 1074 (c.
1647 990 1753 1072 23,
1780 1012 1840 1075 p.
1863 990 2011 1071 354,
2043 991 2146 1075 19)
2182 991 2817 1076 communicatisque
2850 1011 2997 1055 cum

548 1108 813 1186 senatu,
859 1126 1007 1189 quae
1038 1105 1328 1169 maxime
1360 1105 1706 1187 urgebant,
1758 1105 1827 1169 in
1862 1103 2148 1170 Galliam
2182 1105 2570 1191 cisalpinam
2601 1105 2997 1193 properavit.

545 1220 1042 1303 Designationis
1104 1220 1404 1301 nuntius,
1469 1208 1525 1284 si
1583 1224 1760 1285 recte
1806 1221 2096 1286 virorum
2146 1219 2487 1287 doctorum
2536 1222 2873 1288 sententia
2920 1221 2999 1287 de

548 1336 963 1402 comitiorum
1024 1335 1469 1400 consularium
1531 1339 1826 1421 tempore
1889 1357 2034 1401 sese
2095 1336 2303 1402 habet
2319 1337 2382 1424 1),
2445 1359 2580 1403 non
2640 1341 2798 1403 ante
2844 1336 3000 1402 Idus

545 1451 715 1516 Nov.
744 1450 831 1516 ad
865 1452 1225 1516 exercitum
1251 1451 1573 1537 pervenit,
1609 1452 1707 1517 ita
1740 1455 1818 1517 ut
1847 1451 2166 1535 legationi
2199 1453 2415 1518 ultimi
2438 1454 2687 1519 mensis
2710 1453 3000 1519 Novem-

546 1566 684 1632 bris
734 1566 872 1632 dies
921 1567 1469 1651 relinquerentur,
1519 1567 1649 1631 nisi
1683 1571 1909 1653 aperte
1942 1568 2341 1634 Plutarchus
2380 1590 2422 1634 a
2453 1591 2610 1634 vero
2643 1569 2999 1634 aberraret.

547 1682 999 1767 Praeterquam
1047 1683 1223 1748 enim
1283 1686 1601 1769 propter
1659 1684 2083 1749 victoriam
2132 1685 2273 1750 sine
2336 1684 2535 1750 dubio
2581 1684 2789 1750 Mario
2846 1706 3001 1751 con-

548 1797 812 1863 sulatus
877 1798 1174 1881 contigit,
1241 1797 1518 1864 Catulus
1567 1798 1817 1881 consul,
1883 1800 2070 1865 cuius
2120 1798 2339 1865 clades
2387 1800 2591 1865 etiam
2639 1799 3003 1866 secundum

549 1917 851 1979 nostrum
900 1917 1241 1980 auctorem
1290 1914 1702 1980 comitiorum
1751 1918 2043 2001 tempore
2098 1914 2394 1980 nondum
2441 1919 2604 1982 nota
2651 1919 2813 1999 erat,
2861 1916 3002 2002 ipse

547 2028 777 2094 Romae
825 2030 1094 2095 comitia
1137 2029 1383 2094 habere
1415 2028 1645 2095 debuit
1678 2029 1781 2115 (cf.
1810 2030 2231 2096 Staatsrecht
2260 2031 2350 2115 13,
2385 2033 2536 2115 582,
2585 2032 2643 2096 II
2660 2033 2704 2116 ⁸,
2740 2033 2824 2098 80
2856 2034 2916 2096 Α
2943 2033 3001 2115 7,

546 2143 808 2229 Marcks
849 2144 889 2210 l.
933 2144 975 2210 l.
1023 2167 1127 2231 pg.
1188 2146 1292 2219 51,
1340 2146 1404 2210 4.
1459 2146 1584 2232 72).
1693 2145 1853 2225 Quae
1915 2147 1972 2211 si
2042 2146 2480 2231 concedimuS,
2543 2169 2757 2234 neque
2827 2148 3005 2213 intra

546 2281 794 2345 paucos
843 2259 982 2326 dies
1031 2261 1174 2325 eius
1205 2259 1491 2327 reditum
1538 2264 1607 2326 et
1638 2260 1869 2344 fugam
1903 2262 2254 2347 nuntiique
2289 2264 2415 2328 iter
2460 2262 2791 2329 includere
2823 2263 2997 2347 licet,

548 2397 762 2460 neque
825 2377 1092 2442 omnino
1150 2379 1308 2442 ante
1371 2377 1513 2443 eius
1576 2377 1942 2443 discessum
1991 2378 2285 2444 Cimbros
2331 2379 2596 2445 Italiam
2641 2380 2999 2445 intravisse

547 2491 888 2578 probabile
936 2496 1059 2559 est.
1155 2492 1262 2558 Sic
1309 2492 1484 2558 enim
1533 2514 1742 2579 usque
1792 2492 1878 2559 ad
1923 2493 2090 2560 Mari
2136 2495 2406 2562 victoris
2453 2494 2738 2562 reditum
2775 2497 2999 2581 patres

549 2608 818 2673 comitia
872 2608 1292 2674 distulissent
1305 2609 1350 2697 ²)
1412 2631 1627 2695 neque
1689 2610 2020 2694 Catulum,
2084 2611 2197 2696 qui
2257 2632 2372 2697 per
2431 2614 2643 2677 totam
2695 2613 2999 2676 aestatem

547 2724 775 2790 hostes
809 2728 1336 2811 exspectaverat,
1371 2726 1514 2812 ipso
1547 2729 1907 2809 momento,
1943 2748 2072 2812 quo
2106 2725 2541 2809 advenerunt,
2578 2729 2997 2792 avocassent.

551 2839 845 2924 Cumque
879 2840 1121 2906 Cimbri
1153 2841 1366 2927 prima
1398 2841 1552 2906 nive
1603 2841 1798 2927 (Plut.
1827 2842 1934 2926 23,
1982 2863 2086 2928 pg.
2117 2842 2266 2924 353,
2294 2842 2405 2925 22;
2454 2840 2640 2907 Orosi
2671 2841 2753 2925 V,
2785 2843 2887 2923 16,
2919 2841 3001 2905 14

548 2957 756 3022 verba
793 2962 999 3042 „nives
1043 2957 1303 3023 emensi“
1343 2956 1422 3022 de
1470 2961 1765 3043 tempore
1812 2957 1977 3021 nihil
2024 2956 2342 3044 indicant)
2390 2956 2499 3022 vel
2544 2956 2759 3022 hieme
2807 2955 2998 3042 (Flor.

549 3071 596 3153 I,
646 3073 751 3154 38,
806 3075 883 3136 11
934 3102 1022 3129 =
1053 3072 1158 3155 ΙΠ,
1196 3073 1255 3154 3,
1296 3072 1398 3160 11)
1429 3073 1474 3161 ⁸)
1545 3072 1747 3158 Alpes
1795 3073 2192 3156 transgressi
2240 3073 2378 3138 sint
2417 3077 2620 3158 atque
2653 3072 2731 3138 de
2766 3072 3000 3138 Catulo

556 3189 902 3272 tamquam
990 3208 1104 3273 pro
1193 3188 1463 3253 consule
1539 3188 1858 3254 Periocha
1945 3190 2027 3254 68
2113 3188 2509 3276 loquatur4),
2612 3188 2841 3254 hostes
2932 3188 3003 3252 in

770 3373 810 3440 ¹)
849 3371 917 3425 cf.
947 3374 1244 3426 Mommsen
1284 3373 1449 3428 st.-R.
1475 3375 1555 3440 1⁸,
1594 3374 1797 3443 583,2;
1850 3375 2140 3443 Holzapfel
2178 3379 2211 3429 l.
2257 3379 2287 3430 l.
2328 3394 2416 3444 pg.
2443 3378 2566 3444 313,
2605 3376 2733 3444 1,2;
2785 3375 3002 3428 Soltau:

559 3461 712 3517 Rom.
743 3462 1114 3529 Chronologie‚
1154 3480 1238 3530 pg.
1267 3463 1335 3516 57
1355 3479 1457 3531 sq.;
1496 3463 1682 3530 Unger
1719 3481 1805 3531 pg.
1833 3464 1953 3517 642.

766 3549 810 3616 2)
849 3551 1202 3618 Quamquam,
1241 3567 1311 3603 ne
1349 3567 1404 3604 se
1445 3554 1558 3619 ipse
1598 3555 1784 3605 consul
1823 3555 2177 3619 renuntiaret,
2218 3556 2334 3621 lege
2372 3555 2780 3622 prohibebatur,
2827 3571 2873 3607 a.
2902 3554 3006 3607 103

551 3639 758 3691 Marius
808 3640 1052 3707 comitiis,
1103 3642 1159 3691 in
1211 3640 1404 3707 quibus
1454 3649 1667 3694 creatus
1707 3648 1805 3709 est,
1855 3649 2089 3709 praeerat
2140 3643 2303 3710 (Plut.
2342 3643 2480 3696 Mar.
2522 3645 2608 3711 14,
2643 3661 2732 3711 pg.
2767 3644 2889 3710 343,
2911 3644 3004 3710 24;

553 3728 851 3781 Mommsen
890 3728 1052 3780 st.-R.
1079 3730 1154 3797 1⁸,
1194 3746 1280 3796 pg.
1307 3731 1413 3783 500
1450 3731 1499 3781 Α
1522 3732 1591 3795 1).

772 3816 810 3881 ⁸)
849 3816 1078 3870 fortasse
1119 3834 1146 3870 e
1184 3818 1363 3886 Livi03
1403 3818 1806 3872 Mullcnhoffius
1841 3821 1910 3887 II,
1947 3821 2067 3888 138,
2106 3828 2166 3873 ut
2205 3838 2356 3874 suam
2393 3823 2755 3874 coniecturam
2793 3821 3004 3889 probet,

556 3905 708 3958 Flori
746 3904 908 3958 fidem
937 3908 991 3958 in
1019 3908 1373 3972 suspicionem
1398 3915 1579 3976 vocat3
1620 3907 1690 3961 cf.
1716 3909 1764 3961 N
1770 3925 2028 3961 eumann:
2069 3909 2258 3962 Gesch.
2286 3911 2450 3963 Roms
2475 3911 2731 3964 wahrcnd
2756 3911 2850 3963 des
2875 3910 3006 3962 Ver-

552 3993 678 4047 falls
716 3995 815 4046 der
851 3994 1125 4061 Republik
1162 3996 1204 4062 I,
1231 3997 1350 4050 373.

765 4084 810 4150 ⁴)
838 4085 1001 4138 Falso
1028 4084 1243 4152 quidem
1271 4085 1389 4137 Per.
1413 4086 1481 4141 76
1509 4086 1604 4139 Cn.
1626 4086 1941 4153 Pompeium
1965 4086 2284 4139 Strabonem
2310 4088 2519 4155 (Marks
2545 4106 2629 4156 pg.
2652 4090 2761 4156 83),
2786 4088 3005 4158 Oros.V,

554 4175 640 4241 15,
671 4174 757 4241 25,
796 4174 1108 4239 Caepionem
1136 4172 1488 4239 (Miillcnhoff
1513 4168 1582 4240 ῙΙ,
1609 4174 1729 4238 295,
1754 4174 1808 4240 2)
1846 4189 1943 4239 pro
1982 4175 2288 4226 consulibus
2325 4178 2631 4242 nominant;
2668 4179 2760 4243 qui
2799 4193 3008 4231 errores

552 4280 658 4316 non
698 4264 827 4314 satis
866 4263 1068 4328 valent,
1107 4268 1167 4313 ut
1206 4264 1366 4314 etiam
1407 4268 1590 4314 nostro
1639 4262 1755 4315 loco
1792 4262 1932 4326 (Per.
1961 4263 2055 4328 68)
2094 4261 2255 4316 fidem
2295 4264 2572 4331 abrogent.
2643 4269 2864 4317 Annum
2904 4266 3005 4319 102

552 4352 842 4404 Neumann
886 4353 916 4402 Ι.
939 4352 970 4403 l.
1012 4351 1038 4401 Ι
1074 4351 1198 4417 373,
1245 4350 1364 4402 Ihm
1402 4351 1759 4419 Pauly-Wiss.
1802 4352 1897 4419 III,
1925 4353 2064 4404 2549
2097 4351 2416 4423 praeferunt.
2442 4384 2511 4391 —
2536 4355 2840 4407 Secundum
2869 4356 3005 4407 Plin.

552 4441 617 4493 N.
647 4441 783 4495 Hist.
812 4440 990 4507 XXII,
1014 4441 1066 4506 6,
1093 4439 1159 4493 11
1199 4440 1406 4493 Marius
1433 4457 1552 4492 cum
1581 4440 1773 4493 Catulo
1800 4442 2018 4493 consule
2045 4443 2225 4508 copias
2253 4444 2455 4510 iunxit3
2493 4444 2585 4496 sed
2614 4460 2781 4513 error,
2815 4447 2871 4498 in
2898 4461 3008 4499 una

550 4546 679 4582 voce
717 4531 890 4597 „cosf‘
920 4531 1138 4596 posituS,
1177 4529 1433 4582 facillime
1471 4531 1707 4596 irrepere
1746 4531 1939 4597 potuit.
