<?xml version="1.0" encoding="UTF-8"?>
<!DOCTYPE html PUBLIC "-//W3C//DTD XHTML 1.0 Transitional//EN"
    "http://www.w3.org/TR/xhtml1/DTD/xhtml1-transitional.dtd">
<html xmlns="http://www.w3.org/1999/xhtml" xml:lang="en" lang="en">
 <head>
  <title>
</title>
<meta http-equiv="Content-Type" content="text/html;charset=utf-8" />
  <meta name='ocr-system' content='tesseract 3.04.00' />
  <meta name='ocr-capabilities' content='ocr_page ocr_carea ocr_par ocr_line ocrx_word'/>
</head>
<body>
  <div class='ocr_page' id='page_1' title='image "./delappuleiosatu01mhgoog_0033.png"; bbox 0 0 3485 5069; ppageno 0'>
   <div class='ocr_carea' id='block_1_1' title="bbox 1550 331 1905 385">
    <p class='ocr_par' dir='ltr' id='par_1_1' title="bbox 1550 331 1905 385">
     <span class='ocr_line' id='line_1_1' title="bbox 1550 331 1905 385; baseline 0 -16"><span class='ocrx_word' id='word_1_1' title='bbox 1550 361 1620 369; x_wconf 80' lang='grc'>--</span> <span class='ocrx_word' id='word_1_2' title='bbox 1693 331 1905 385; x_wconf 76' lang='lat'>25.-</span> 
     </span>
    </p>
   </div>
   <div class='ocr_carea' id='block_1_2' title="bbox 490 509 2961 1520">
    <p class='ocr_par' dir='ltr' id='par_1_2' title="bbox 490 509 2956 712">
     <span class='ocr_line' id='line_1_2' title="bbox 490 509 2956 593; baseline -0 -19"><span class='ocrx_word' id='word_1_3' title='bbox 490 511 727 592; x_wconf 75' lang='lat' dir='ltr'>populo</span> <span class='ocrx_word' id='word_1_4' title='bbox 748 509 1056 585; x_wconf 78' lang='lat' dir='ltr'>Romane,</span> <span class='ocrx_word' id='word_1_5' title='bbox 1093 515 1221 573; x_wconf 78' lang='lat' dir='ltr'>tum</span> <span class='ocrx_word' id='word_1_6' title='bbox 1244 529 1388 574; x_wconf 83' lang='lat' dir='ltr'>vero</span> <span class='ocrx_word' id='word_1_7' title='bbox 1420 512 1682 589; x_wconf 78' lang='lat' dir='ltr'><strong><em>equestri</em></strong></span> <span class='ocrx_word' id='word_1_8' title='bbox 1714 510 1921 573; x_wconf 81' lang='lat' dir='ltr'>ordini</span> <span class='ocrx_word' id='word_1_9' title='bbox 1951 509 2125 593; x_wconf 75' lang='lat' dir='ltr'>lonqe</span> <span class='ocrx_word' id='word_1_10' title='bbox 2156 512 2586 590; x_wconf 77' lang='lat' dir='ltr'>carissimus“)</span> <span class='ocrx_word' id='word_1_11' title='bbox 2619 530 2701 574; x_wconf 88' lang='lat' dir='ltr'>ex</span> <span class='ocrx_word' id='word_1_12' title='bbox 2727 509 2956 574; x_wconf 91' lang='lat' dir='ltr'>simili-</span> 
     </span>
     <span class='ocr_line' id='line_1_3' title="bbox 505 621 2697 712; baseline 0 -23"><span class='ocrx_word' id='word_1_13' title='bbox 505 623 736 689; x_wconf 80' lang='lat' dir='ltr'>tudine</span> <span class='ocrx_word' id='word_1_14' title='bbox 783 623 908 688; x_wconf 90' lang='lat' dir='ltr'>loci</span> <span class='ocrx_word' id='word_1_15' title='bbox 955 623 1138 688; x_wconf 84' lang='lat' dir='ltr'><strong>Brut.</strong></span> <span class='ocrx_word' id='word_1_16' title='bbox 1173 624 1304 686; x_wconf 76' lang='lat'>224</span> <span class='ocrx_word' id='word_1_17' title='bbox 1353 621 1878 689; x_wconf 89' lang='lat' dir='ltr'>concludendum</span> <span class='ocrx_word' id='word_1_18' title='bbox 1926 626 2030 688; x_wconf 89' lang='lat' dir='ltr'>est</span> <span class='ocrx_word' id='word_1_19' title='bbox 2079 622 2182 709; x_wconf 80' lang='lat' dir='ltr'>(cf.</span> <span class='ocrx_word' id='word_1_20' title='bbox 2216 645 2331 710; x_wconf 96' lang='lat' dir='ltr'>pro</span> <span class='ocrx_word' id='word_1_21' title='bbox 2365 624 2533 689; x_wconf 89' lang='lat' dir='ltr'>Rab.</span> <span class='ocrx_word' id='word_1_22' title='bbox 2569 626 2697 712; x_wconf 80' lang='grc'>20).</span> 
     </span>
    </p>

    <p class='ocr_par' dir='ltr' id='par_1_3' title="bbox 505 739 2961 1520">
     <span class='ocr_line' id='line_1_4' title="bbox 717 739 2957 826; baseline 0 -22"><span class='ocrx_word' id='word_1_23' title='bbox 717 739 1060 821; x_wconf 89' lang='lat' dir='ltr'>Marius,</span> <span class='ocrx_word' id='word_1_24' title='bbox 1126 739 1358 823; x_wconf 86' lang='lat' dir='ltr'>quales</span> <span class='ocrx_word' id='word_1_25' title='bbox 1404 739 1595 826; x_wconf 68' lang='lat' dir='ltr'>[anno</span> <span class='ocrx_word' id='word_1_26' title='bbox 1649 741 1776 805; x_wconf 88' lang='grc'>100</span> <span class='ocrx_word' id='word_1_27' title='bbox 1824 739 2030 822; x_wconf 90' lang='lat' dir='ltr'>egerit</span> <span class='ocrx_word' id='word_1_28' title='bbox 2075 742 2319 825; x_wconf 82' lang='lat' dir='ltr'>parteS,</span> <span class='ocrx_word' id='word_1_29' title='bbox 2380 760 2415 804; x_wconf 90' lang='lat' dir='ltr'>e</span> <span class='ocrx_word' id='word_1_30' title='bbox 2464 739 2604 805; x_wconf 91' lang='lat' dir='ltr'>solo</span> <span class='ocrx_word' id='word_1_31' title='bbox 2653 739 2957 805; x_wconf 80' lang='lat' dir='ltr'>Cicerone</span> 
     </span>
     <span class='ocr_line' id='line_1_5' title="bbox 505 854 2959 941; baseline 0 -20"><span class='ocrx_word' id='word_1_32' title='bbox 505 877 639 921; x_wconf 91' lang='lat' dir='ltr'>non</span> <span class='ocrx_word' id='word_1_33' title='bbox 672 855 1015 938; x_wconf 79' lang='lat' dir='ltr'>colligitur.</span> <span class='ocrx_word' id='word_1_34' title='bbox 1068 854 1230 920; x_wconf 87' lang='lat' dir='ltr'>Cum</span> <span class='ocrx_word' id='word_1_35' title='bbox 1265 854 1538 937; x_wconf 87' lang='lat' dir='ltr'>consuli,</span> <span class='ocrx_word' id='word_1_36' title='bbox 1573 855 1687 939; x_wconf 93' lang='lat' dir='ltr'>qui</span> <span class='ocrx_word' id='word_1_37' title='bbox 1718 876 1855 920; x_wconf 91' lang='lat' dir='ltr'>rem</span> <span class='ocrx_word' id='word_1_38' title='bbox 1891 854 2225 941; x_wconf 88' lang='lat' dir='ltr'>publicam</span> <span class='ocrx_word' id='word_1_39' title='bbox 2251 856 2550 920; x_wconf 86' lang='lat' dir='ltr'>servavit</span> <span class='ocrx_word' id='word_1_40' title='bbox 2574 855 2959 921; x_wconf 85' lang='lat' dir='ltr'>seditiosos-</span> 
     </span>
     <span class='ocr_line' id='line_1_6' title="bbox 506 969 2957 1057; baseline -0 -21"><span class='ocrx_word' id='word_1_41' title='bbox 506 993 632 1056; x_wconf 89' lang='lat' dir='ltr'>que</span> <span class='ocrx_word' id='word_1_42' title='bbox 682 970 943 1053; x_wconf 86' lang='lat' dir='ltr'>devicit,</span> <span class='ocrx_word' id='word_1_43' title='bbox 1003 992 1353 1052; x_wconf 84' lang='lat' dir='ltr'>summam,</span> <span class='ocrx_word' id='word_1_44' title='bbox 1404 974 1481 1036; x_wconf 87' lang='lat' dir='ltr'>ut</span> <span class='ocrx_word' id='word_1_45' title='bbox 1528 970 1734 1052; x_wconf 89' lang='lat' dir='ltr'>decet,</span> <span class='ocrx_word' id='word_1_46' title='bbox 1785 969 2052 1036; x_wconf 90' lang='lat' dir='ltr'>laudem</span> <span class='ocrx_word' id='word_1_47' title='bbox 2099 971 2354 1036; x_wconf 88' lang='lat' dir='ltr'>tribuat</span> <span class='ocrx_word' id='word_1_48' title='bbox 2402 971 2492 1057; x_wconf 84' lang='lat' dir='ltr'>(in</span> <span class='ocrx_word' id='word_1_49' title='bbox 2527 971 2668 1037; x_wconf 85' lang='lat' dir='ltr'>Cat.</span> <span class='ocrx_word' id='word_1_50' title='bbox 2703 972 2817 1054; x_wconf 86' lang='lat' dir='ltr'>HI,</span> <span class='ocrx_word' id='word_1_51' title='bbox 2856 972 2957 1053; x_wconf 94' lang='grc'>15,</span> 
     </span>
     <span class='ocr_line' id='line_1_7' title="bbox 508 1086 2957 1175; baseline 0 -24"><span class='ocrx_word' id='word_1_52' title='bbox 508 1086 586 1152; x_wconf 91' lang='lat' dir='ltr'>de</span> <span class='ocrx_word' id='word_1_53' title='bbox 642 1088 782 1152; x_wconf 91' lang='lat' dir='ltr'>har.</span> <span class='ocrx_word' id='word_1_54' title='bbox 817 1108 984 1173; x_wconf 84' lang='lat' dir='ltr'>resp.</span> <span class='ocrx_word' id='word_1_55' title='bbox 1022 1087 1126 1169; x_wconf 91' lang='grc'>51,</span> <span class='ocrx_word' id='word_1_56' title='bbox 1190 1108 1304 1172; x_wconf 90' lang='lat' dir='ltr'>pro</span> <span class='ocrx_word' id='word_1_57' title='bbox 1371 1086 1639 1152; x_wconf 82' lang='lat' dir='ltr'>Plancio</span> <span class='ocrx_word' id='word_1_58' title='bbox 1691 1087 1796 1169; x_wconf 82' lang='lat'>88,</span> <span class='ocrx_word' id='word_1_59' title='bbox 1863 1108 1977 1172; x_wconf 90' lang='lat' dir='ltr'>pro</span> <span class='ocrx_word' id='word_1_60' title='bbox 2025 1086 2157 1152; x_wconf 90' lang='lat' dir='ltr'>Mil.</span> <span class='ocrx_word' id='word_1_61' title='bbox 2197 1088 2255 1152; x_wconf 82' lang='lat'>8.</span> <span class='ocrx_word' id='word_1_62' title='bbox 2294 1087 2378 1151; x_wconf 88' lang='grc'>83</span> <span class='ocrx_word' id='word_1_63' title='bbox 2424 1086 2591 1152; x_wconf 91' lang='lat' dir='ltr'>Phil.</span> <span class='ocrx_word' id='word_1_64' title='bbox 2630 1087 2793 1170; x_wconf 87' lang='lat' dir='ltr'>VIII,</span> <span class='ocrx_word' id='word_1_65' title='bbox 2834 1088 2957 1175; x_wconf 84' lang='lat'>15),</span> 
     </span>
     <span class='ocr_line' id='line_1_8' title="bbox 508 1201 2961 1288; baseline 0.001 -22"><span class='ocrx_word' id='word_1_66' title='bbox 508 1224 658 1267; x_wconf 91' lang='lat' dir='ltr'>eum</span> <span class='ocrx_word' id='word_1_67' title='bbox 706 1203 1093 1288; x_wconf 82' lang='lat' dir='ltr'>priusquam</span> <span class='ocrx_word' id='word_1_68' title='bbox 1142 1201 1228 1267; x_wconf 91' lang='lat' dir='ltr'>ad</span> <span class='ocrx_word' id='word_1_69' title='bbox 1276 1203 1632 1288; x_wconf 78' lang='lat' dir='ltr'>optimates</span> <span class='ocrx_word' id='word_1_70' title='bbox 1681 1202 2016 1283; x_wconf 83' lang='lat' dir='ltr'>transiret,</span> <span class='ocrx_word' id='word_1_71' title='bbox 2068 1223 2217 1267; x_wconf 90' lang='lat' dir='ltr'>cum</span> <span class='ocrx_word' id='word_1_72' title='bbox 2263 1202 2693 1288; x_wconf 90' lang='lat' dir='ltr'>popularibus</span> <span class='ocrx_word' id='word_1_73' title='bbox 2724 1203 2961 1269; x_wconf 85' lang='lat' dir='ltr'>fecisse</span> 
     </span>
     <span class='ocr_line' id='line_1_9' title="bbox 509 1317 2961 1404; baseline 0 -21"><span class='ocrx_word' id='word_1_74' title='bbox 509 1319 650 1383; x_wconf 90' lang='lat' dir='ltr'>sine</span> <span class='ocrx_word' id='word_1_75' title='bbox 711 1319 810 1383; x_wconf 92' lang='lat' dir='ltr'>ira</span> <span class='ocrx_word' id='word_1_76' title='bbox 857 1322 1329 1384; x_wconf 85' lang='lat' dir='ltr'>commemorat</span> <span class='ocrx_word' id='word_1_77' title='bbox 1388 1339 1503 1404; x_wconf 96' lang='lat' dir='ltr'>pro</span> <span class='ocrx_word' id='word_1_78' title='bbox 1553 1317 1724 1383; x_wconf 85' lang='lat' dir='ltr'>Sest.</span> <span class='ocrx_word' id='word_1_79' title='bbox 1771 1320 1876 1401; x_wconf 82' lang='lat'>37,</span> <span class='ocrx_word' id='word_1_80' title='bbox 1941 1317 2027 1383; x_wconf 91' lang='lat' dir='ltr'>ad</span> <span class='ocrx_word' id='word_1_81' title='bbox 2085 1318 2402 1383; x_wconf 90' lang='lat' dir='ltr'>maiorem</span> <span class='ocrx_word' id='word_1_82' title='bbox 2461 1318 2628 1384; x_wconf 92' lang='lat' dir='ltr'>Mari</span> <span class='ocrx_word' id='word_1_83' title='bbox 2688 1318 2961 1402; x_wconf 86' lang='lat' dir='ltr'>gloriam</span> 
     </span>
     <span class='ocr_line' id='line_1_10' title="bbox 509 1433 2655 1520; baseline 0 -22"><span class='ocrx_word' id='word_1_84' title='bbox 509 1434 711 1499; x_wconf 88' lang='lat' dir='ltr'>vertit</span> <span class='ocrx_word' id='word_1_85' title='bbox 758 1433 837 1499; x_wconf 88' lang='lat' dir='ltr'>de</span> <span class='ocrx_word' id='word_1_86' title='bbox 884 1435 1025 1500; x_wconf 91' lang='lat' dir='ltr'>har.</span> <span class='ocrx_word' id='word_1_87' title='bbox 1059 1455 1227 1520; x_wconf 90' lang='lat' dir='ltr'>resp.</span> <span class='ocrx_word' id='word_1_88' title='bbox 1262 1437 1375 1517; x_wconf 88' lang='grc'>51;</span> <span class='ocrx_word' id='word_1_89' title='bbox 1424 1438 1715 1499; x_wconf 88' lang='lat' dir='ltr'>ceterum</span> <span class='ocrx_word' id='word_1_90' title='bbox 1765 1434 2149 1499; x_wconf 88' lang='lat' dir='ltr'>cautissime</span> <span class='ocrx_word' id='word_1_91' title='bbox 2199 1433 2278 1499; x_wconf 88' lang='lat' dir='ltr'>de</span> <span class='ocrx_word' id='word_1_92' title='bbox 2327 1455 2403 1499; x_wconf 87' lang='lat' dir='ltr'>eo</span> <span class='ocrx_word' id='word_1_93' title='bbox 2452 1437 2655 1499; x_wconf 88' lang='lat' dir='ltr'>tacet.</span> 
     </span>
    </p>
   </div>
   <div class='ocr_carea' id='block_1_3' title="bbox 1069 1691 2402 1951">
    <p class='ocr_par' dir='ltr' id='par_1_4' title="bbox 1069 1691 2402 1951">
     <span class='ocr_line' id='line_1_11' title="bbox 1069 1691 2402 1771; baseline -0.001 -1"><span class='ocrx_word' id='word_1_94' title='bbox 1069 1695 1141 1770; x_wconf 88' lang='lat'>2.</span> <span class='ocrx_word' id='word_1_95' title='bbox 1203 1691 1320 1771; x_wconf 86' lang='lat' dir='ltr'>De</span> <span class='ocrx_word' id='word_1_96' title='bbox 1378 1696 1646 1771; x_wconf 87' lang='lat' dir='ltr'>ceteris</span> <span class='ocrx_word' id='word_1_97' title='bbox 1700 1692 2044 1771; x_wconf 82' lang='lat' dir='ltr'>fontibus</span> <span class='ocrx_word' id='word_1_98' title='bbox 2101 1693 2402 1771; x_wconf 87' lang='lat' dir='ltr'>Latinis.</span> 
     </span>
     <span class='ocr_line' id='line_1_12' title="bbox 1483 1871 1990 1951; baseline -0.002 -15"><span class='ocrx_word' id='word_1_99' title='bbox 1483 1875 1555 1951; x_wconf 84' lang='lat' dir='ltr'>a)</span> <span class='ocrx_word' id='word_1_100' title='bbox 1609 1871 1718 1936; x_wconf 86' lang='lat' dir='ltr'>De</span> <span class='ocrx_word' id='word_1_101' title='bbox 1770 1872 1990 1936; x_wconf 79' lang='lat' dir='ltr'>Livio.</span> 
     </span>
    </p>
   </div>
   <div class='ocr_carea' id='block_1_4' title="bbox 511 2011 2967 2327">
    <p class='ocr_par' dir='ltr' id='par_1_5' title="bbox 511 2011 2967 2327">
     <span class='ocr_line' id='line_1_13' title="bbox 723 2011 2966 2093; baseline -0 -17"><span class='ocrx_word' id='word_1_102' title='bbox 723 2012 974 2093; x_wconf 89' lang='lat' dir='ltr'>Livius,</span> <span class='ocrx_word' id='word_1_103' title='bbox 1040 2015 1115 2076; x_wconf 98' lang='lat' dir='ltr'>ut</span> <span class='ocrx_word' id='word_1_104' title='bbox 1161 2011 1479 2077; x_wconf 91' lang='lat' dir='ltr'>Periocha</span> <span class='ocrx_word' id='word_1_105' title='bbox 1527 2011 1736 2093; x_wconf 88' lang='lat' dir='ltr'>docet,</span> <span class='ocrx_word' id='word_1_106' title='bbox 1802 2011 2086 2076; x_wconf 91' lang='lat' dir='ltr'>alterum</span> <span class='ocrx_word' id='word_1_107' title='bbox 2143 2011 2487 2076; x_wconf 81' lang='lat' dir='ltr'>Saturnini</span> <span class='ocrx_word' id='word_1_108' title='bbox 2548 2011 2966 2076; x_wconf 85' lang='lat' dir='ltr'>tribunatum</span> 
     </span>
     <span class='ocr_line' id='line_1_14' title="bbox 512 2126 2967 2211; baseline -0 -19"><span class='ocrx_word' id='word_1_109' title='bbox 512 2129 579 2193; x_wconf 91' lang='lat' dir='ltr'>in</span> <span class='ocrx_word' id='word_1_110' title='bbox 626 2128 791 2193; x_wconf 91' lang='lat' dir='ltr'>libro</span> <span class='ocrx_word' id='word_1_111' title='bbox 842 2129 945 2209; x_wconf 88' lang='grc'>69,</span> <span class='ocrx_word' id='word_1_112' title='bbox 1009 2128 1122 2211; x_wconf 91' lang='lat' dir='ltr'>qui</span> <span class='ocrx_word' id='word_1_113' title='bbox 1181 2148 1287 2192; x_wconf 92' lang='lat' dir='ltr'>res</span> <span class='ocrx_word' id='word_1_114' title='bbox 1348 2149 1390 2192; x_wconf 92' lang='lat' dir='ltr'>a</span> <span class='ocrx_word' id='word_1_115' title='bbox 1450 2127 1734 2193; x_wconf 88' lang='lat' dir='ltr'>comitiis</span> <span class='ocrx_word' id='word_1_116' title='bbox 1797 2127 2167 2192; x_wconf 90' lang='lat' dir='ltr'>tribuniciis</span> <span class='ocrx_word' id='word_1_117' title='bbox 2230 2127 2391 2192; x_wconf 91' lang='lat' dir='ltr'>anni</span> <span class='ocrx_word' id='word_1_118' title='bbox 2443 2128 2561 2192; x_wconf 90' lang='lat'>101</span> <span class='ocrx_word' id='word_1_119' title='bbox 2615 2148 2826 2211; x_wconf 90' lang='lat' dir='ltr'>usque</span> <span class='ocrx_word' id='word_1_120' title='bbox 2881 2126 2967 2192; x_wconf 89' lang='lat' dir='ltr'>ad</span> 
     </span>
     <span class='ocr_line' id='line_1_15' title="bbox 511 2242 2966 2327; baseline -0 -19"><span class='ocrx_word' id='word_1_121' title='bbox 511 2243 758 2308; x_wconf 86' lang='lat' dir='ltr'>Metelli</span> <span class='ocrx_word' id='word_1_122' title='bbox 804 2242 1088 2308; x_wconf 90' lang='lat' dir='ltr'>reditum</span> <span class='ocrx_word' id='word_1_123' title='bbox 1137 2247 1363 2326; x_wconf 88' lang='lat' dir='ltr'>gestas</span> <span class='ocrx_word' id='word_1_124' title='bbox 1405 2242 1812 2325; x_wconf 87' lang='lat' dir='ltr'>continebat,</span> <span class='ocrx_word' id='word_1_125' title='bbox 1863 2243 2181 2308; x_wconf 86' lang='lat' dir='ltr'>narravit.</span> <span class='ocrx_word' id='word_1_126' title='bbox 2253 2243 2486 2327; x_wconf 91' lang='lat' dir='ltr'>Itaque</span> <span class='ocrx_word' id='word_1_127' title='bbox 2518 2242 2966 2325; x_wconf 86' lang='lat' dir='ltr'>fragmentum</span> 
     </span>
    </p>
   </div>
   <div class='ocr_carea' id='block_1_5' title="bbox 511 2356 3078 2446">
    <p class='ocr_par' dir='ltr' id='par_1_6' title="bbox 511 2356 3078 2446">
     <span class='ocr_line' id='line_1_16' title="bbox 511 2356 3078 2446; baseline -0.002 -21"><span class='ocrx_word' id='word_1_128' title='bbox 511 2359 744 2446; x_wconf 89' lang='lat' dir='ltr'>papyri</span> <span class='ocrx_word' id='word_1_129' title='bbox 804 2380 1013 2445; x_wconf 88' lang='lat' dir='ltr'>nuper</span> <span class='ocrx_word' id='word_1_130' title='bbox 1070 2359 1311 2445; x_wconf 87' lang='lat' dir='ltr'>reperti</span> <span class='ocrx_word' id='word_1_131' title='bbox 1370 2358 1512 2424; x_wconf 86' lang='lat' dir='ltr'>loeo</span> <span class='ocrx_word' id='word_1_132' title='bbox 1574 2358 1798 2424; x_wconf 89' lang='lat' dir='ltr'>Valeri</span> <span class='ocrx_word' id='word_1_133' title='bbox 1859 2358 2132 2423; x_wconf 88' lang='lat' dir='ltr'>Maximi</span> <span class='ocrx_word' id='word_1_134' title='bbox 2191 2358 2301 2441; x_wconf 88' lang='lat' dir='ltr'>IX,</span> <span class='ocrx_word' id='word_1_135' title='bbox 2354 2360 2411 2441; x_wconf 82' lang='lat'>7,</span> <span class='ocrx_word' id='word_1_136' title='bbox 2467 2361 2498 2422; x_wconf 88' lang='lat'>1</span> <span class='ocrx_word' id='word_1_137' title='bbox 2565 2356 2820 2423; x_wconf 88' lang='lat' dir='ltr'>adscito</span> <span class='ocrx_word' id='word_1_138' title='bbox 2883 2356 2969 2422; x_wconf 91' lang='lat' dir='ltr'>ad</span> <span class='ocrx_word' id='word_1_139' title='bbox 3074 2416 3078 2421; x_wconf 83' lang='lat'>.</span> 
     </span>
    </p>
   </div>
   <div class='ocr_carea' id='block_1_6' title="bbox 514 2473 2992 3950">
    <p class='ocr_par' dir='ltr' id='par_1_7' title="bbox 514 2473 2992 3485">
     <span class='ocr_line' id='line_1_17' title="bbox 514 2473 2965 2562; baseline -0.001 -21"><span class='ocrx_word' id='word_1_140' title='bbox 514 2496 765 2541; x_wconf 85' lang='lat' dir='ltr'>annum</span> <span class='ocrx_word' id='word_1_141' title='bbox 795 2476 915 2541; x_wconf 88' lang='lat'>101</span> <span class='ocrx_word' id='word_1_142' title='bbox 945 2474 1374 2540; x_wconf 87' lang='lat' dir='ltr'>Kornemann</span> <span class='ocrx_word' id='word_1_143' title='bbox 1408 2474 1549 2562; x_wconf 80' lang='lat' dir='ltr'>(Die</span> <span class='ocrx_word' id='word_1_144' title='bbox 1575 2495 1747 2540; x_wconf 91' lang='lat' dir='ltr'>neue</span> <span class='ocrx_word' id='word_1_145' title='bbox 1778 2474 2320 2561; x_wconf 88' lang='lat' dir='ltr'>Liviusepitome.</span> <span class='ocrx_word' id='word_1_146' title='bbox 2370 2473 2547 2540; x_wconf 91' lang='lat' dir='ltr'>Klio:</span> <span class='ocrx_word' id='word_1_147' title='bbox 2580 2473 2887 2557; x_wconf 78' lang='lat' dir='ltr'>Beitrage</span> <span class='ocrx_word' id='word_1_148' title='bbox 2912 2495 2965 2539; x_wconf 89' lang='lat' dir='ltr'>z.</span> 
     </span>
     <span class='ocr_line' id='line_1_18' title="bbox 514 2589 2992 2677; baseline -0.001 -21"><span class='ocrx_word' id='word_1_149' title='bbox 514 2591 697 2657; x_wconf 87' lang='lat' dir='ltr'>alten</span> <span class='ocrx_word' id='word_1_150' title='bbox 745 2589 980 2657; x_wconf 87' lang='lat' dir='ltr'>Gesch.</span> <span class='ocrx_word' id='word_1_151' title='bbox 1021 2593 1210 2673; x_wconf 84' lang='lat'>1904,</span> <span class='ocrx_word' id='word_1_152' title='bbox 1261 2594 1322 2657; x_wconf 78' lang='lat'>2.</span> <span class='ocrx_word' id='word_1_153' title='bbox 1356 2591 1622 2656; x_wconf 80' lang='lat' dir='ltr'>Beiheft</span> <span class='ocrx_word' id='word_1_154' title='bbox 1666 2613 1728 2677; x_wconf 91' lang='lat' dir='ltr'>p.</span> <span class='ocrx_word' id='word_1_155' title='bbox 1765 2590 1878 2677; x_wconf 88' lang='lat'>34)</span> <span class='ocrx_word' id='word_1_156' title='bbox 1927 2590 2189 2656; x_wconf 88' lang='lat' dir='ltr'>rettulit</span> <span class='ocrx_word' id='word_1_157' title='bbox 2233 2589 2531 2674; x_wconf 92' lang='lat' dir='ltr'>libroque</span> <span class='ocrx_word' id='word_1_158' title='bbox 2582 2592 2664 2655; x_wconf 88' lang='grc'>68</span> <span class='ocrx_word' id='word_1_159' title='bbox 2715 2595 2837 2655; x_wconf 88' lang='lat' dir='ltr'>aut</span> <span class='ocrx_word' id='word_1_160' title='bbox 2885 2592 2992 2655; x_wconf 46' lang='lat'>69*</span> 
     </span>
     <span class='ocr_line' id='line_1_19' title="bbox 515 2706 2970 2796; baseline -0.001 -24"><span class='ocrx_word' id='word_1_161' title='bbox 515 2707 908 2789; x_wconf 86' lang='lat' dir='ltr'>assignavit.</span> <span class='ocrx_word' id='word_1_162' title='bbox 966 2706 1189 2772; x_wconf 88' lang='lat' dir='ltr'>Verba</span> <span class='ocrx_word' id='word_1_163' title='bbox 1220 2706 1492 2796; x_wconf 78' lang='lat' dir='ltr'>Marius]</span> <span class='ocrx_word' id='word_1_164' title='bbox 1532 2706 1848 2796; x_wconf 79' lang='lat' dir='ltr'>Vc[0nsul</span> <span class='ocrx_word' id='word_1_165' title='bbox 1896 2706 1952 2772; x_wconf 92' lang='lat' dir='ltr'>si</span> <span class='ocrx_word' id='word_1_166' title='bbox 2002 2710 2177 2772; x_wconf 87' lang='lat' dir='ltr'>recte</span> <span class='ocrx_word' id='word_1_167' title='bbox 2226 2728 2296 2772; x_wconf 88' lang='lat' dir='ltr'>se</span> <span class='ocrx_word' id='word_1_168' title='bbox 2343 2706 2616 2789; x_wconf 89' lang='lat' dir='ltr'>habent,</span> <span class='ocrx_word' id='word_1_169' title='bbox 2667 2728 2748 2771; x_wconf 87' lang='lat' dir='ltr'>ea</span> <span class='ocrx_word' id='word_1_170' title='bbox 2793 2706 2970 2771; x_wconf 88' lang='lat' dir='ltr'>linea</span> 
     </span>
     <span class='ocr_line' id='line_1_20' title="bbox 516 2820 2968 2910; baseline 0 -22"><span class='ocrx_word' id='word_1_171' title='bbox 516 2826 637 2888; x_wconf 90' lang='lat' dir='ltr'>aut</span> <span class='ocrx_word' id='word_1_172' title='bbox 682 2823 947 2887; x_wconf 89' lang='lat' dir='ltr'>initium</span> <span class='ocrx_word' id='word_1_173' title='bbox 1008 2823 1169 2888; x_wconf 90' lang='lat' dir='ltr'>anni</span> <span class='ocrx_word' id='word_1_174' title='bbox 1221 2824 1341 2888; x_wconf 88' lang='lat'>101</span> <span class='ocrx_word' id='word_1_175' title='bbox 1405 2824 1931 2906; x_wconf 76' lang='lat' dir='ltr'>significabatur,</span> <span class='ocrx_word' id='word_1_176' title='bbox 1996 2823 2102 2887; x_wconf 87' lang='lat' dir='ltr'>cui</span> <span class='ocrx_word' id='word_1_177' title='bbox 2148 2823 2242 2887; x_wconf 96' lang='lat' dir='ltr'>sic</span> <span class='ocrx_word' id='word_1_178' title='bbox 2290 2821 2514 2906; x_wconf 82' lang='lat' dir='ltr'>Equiti</span> <span class='ocrx_word' id='word_1_179' title='bbox 2563 2820 2968 2910; x_wconf 76' lang='lat' dir='ltr'>[„custodia“]</span> 
     </span>
     <span class='ocr_line' id='line_1_21' title="bbox 516 2936 2968 3020; baseline -0.001 -16"><span class='ocrx_word' id='word_1_180' title='bbox 516 2937 938 3020; x_wconf 87' lang='lat' dir='ltr'>adiungenda</span> <span class='ocrx_word' id='word_1_181' title='bbox 985 2942 1182 3020; x_wconf 90' lang='lat' dir='ltr'>esset,</span> <span class='ocrx_word' id='word_1_182' title='bbox 1247 2942 1369 3004; x_wconf 87' lang='lat' dir='ltr'>aut</span> <span class='ocrx_word' id='word_1_183' title='bbox 1416 2939 1805 3005; x_wconf 88' lang='lat' dir='ltr'>consulatus</span> <span class='ocrx_word' id='word_1_184' title='bbox 1867 2937 2271 3004; x_wconf 91' lang='lat' dir='ltr'>nominando</span> <span class='ocrx_word' id='word_1_185' title='bbox 2320 2937 2526 3003; x_wconf 91' lang='lat' dir='ltr'>Mario</span> <span class='ocrx_word' id='word_1_186' title='bbox 2576 2936 2968 3017; x_wconf 82' lang='lat' dir='ltr'>addebatur,</span> 
     </span>
     <span class='ocr_line' id='line_1_22' title="bbox 518 3051 2971 3139; baseline -0.001 -20"><span class='ocrx_word' id='word_1_187' title='bbox 518 3058 594 3119; x_wconf 93' lang='lat' dir='ltr'>ut</span> <span class='ocrx_word' id='word_1_188' title='bbox 624 3054 694 3119; x_wconf 91' lang='lat' dir='ltr'>in</span> <span class='ocrx_word' id='word_1_189' title='bbox 724 3054 916 3120; x_wconf 88' lang='lat' dir='ltr'>lineis</span> <span class='ocrx_word' id='word_1_190' title='bbox 955 3057 1099 3120; x_wconf 89' lang='grc'>167.</span> <span class='ocrx_word' id='word_1_191' title='bbox 1134 3056 1280 3120; x_wconf 89' lang='grc'>174.</span> <span class='ocrx_word' id='word_1_192' title='bbox 1313 3056 1459 3137; x_wconf 78' lang='grc'>182,</span> <span class='ocrx_word' id='word_1_193' title='bbox 1494 3055 1652 3139; x_wconf 89' lang='lat' dir='ltr'>quia</span> <span class='ocrx_word' id='word_1_194' title='bbox 1683 3059 1889 3120; x_wconf 90' lang='lat' dir='ltr'>antea</span> <span class='ocrx_word' id='word_1_195' title='bbox 1922 3053 2000 3119; x_wconf 89' lang='lat' dir='ltr'>de</span> <span class='ocrx_word' id='word_1_196' title='bbox 2035 3054 2243 3119; x_wconf 88' lang='lat' dir='ltr'>altero</span> <span class='ocrx_word' id='word_1_197' title='bbox 2278 3053 2546 3119; x_wconf 90' lang='lat' dir='ltr'>consule</span> <span class='ocrx_word' id='word_1_198' title='bbox 2573 3057 2694 3119; x_wconf 91' lang='lat' dir='ltr'>aut</span> <span class='ocrx_word' id='word_1_199' title='bbox 2718 3053 2866 3117; x_wconf 89' lang='lat' dir='ltr'>aliis</span> <span class='ocrx_word' id='word_1_200' title='bbox 2892 3051 2971 3116; x_wconf 89' lang='lat' dir='ltr'>de</span> 
     </span>
     <span class='ocr_line' id='line_1_23' title="bbox 517 3167 2974 3257; baseline -0 -23"><span class='ocrx_word' id='word_1_201' title='bbox 517 3171 715 3235; x_wconf 88' lang='lat' dir='ltr'>rebus</span> <span class='ocrx_word' id='word_1_202' title='bbox 776 3172 983 3236; x_wconf 85' lang='lat' dir='ltr'>verba</span> <span class='ocrx_word' id='word_1_203' title='bbox 1041 3171 1225 3237; x_wconf 79' lang='lat' dir='ltr'>facta</span> <span class='ocrx_word' id='word_1_204' title='bbox 1286 3174 1496 3236; x_wconf 90' lang='lat' dir='ltr'>erant.</span> <span class='ocrx_word' id='word_1_205' title='bbox 1592 3169 1778 3235; x_wconf 88' lang='lat' dir='ltr'>Adde</span> <span class='ocrx_word' id='word_1_206' title='bbox 1840 3171 2044 3235; x_wconf 90' lang='lat' dir='ltr'>etiam</span> <span class='ocrx_word' id='word_1_207' title='bbox 2092 3168 2269 3254; x_wconf 92' lang='lat' dir='ltr'>quod</span> <span class='ocrx_word' id='word_1_208' title='bbox 2315 3170 2383 3233; x_wconf 90' lang='lat' dir='ltr'>in</span> <span class='ocrx_word' id='word_1_209' title='bbox 2430 3167 2664 3257; x_wconf 90' lang='lat' dir='ltr'>]isme.[</span> <span class='ocrx_word' id='word_1_210' title='bbox 2709 3173 2974 3235; x_wconf 77' lang='lat' dir='ltr'>censoris</span> 
     </span>
     <span class='ocr_line' id='line_1_24' title="bbox 518 3285 2975 3373; baseline 0 -24"><span class='ocrx_word' id='word_1_211' title='bbox 518 3287 750 3352; x_wconf 80' lang='lat' dir='ltr'>Metelli</span> <span class='ocrx_word' id='word_1_212' title='bbox 794 3307 1036 3352; x_wconf 91' lang='lat' dir='ltr'>nomen</span> <span class='ocrx_word' id='word_1_213' title='bbox 1082 3287 1290 3352; x_wconf 85' lang='lat' dir='ltr'>latere</span> <span class='ocrx_word' id='word_1_214' title='bbox 1337 3289 1588 3373; x_wconf 83' lang='lat' dir='ltr'>potest-3</span> <span class='ocrx_word' id='word_1_215' title='bbox 1656 3306 2064 3370; x_wconf 91' lang='lat' dir='ltr'>quamquam</span> <span class='ocrx_word' id='word_1_216' title='bbox 2120 3285 2261 3350; x_wconf 81' lang='lat' dir='ltr'>haec</span> <span class='ocrx_word' id='word_1_217' title='bbox 2308 3285 2532 3350; x_wconf 88' lang='lat' dir='ltr'>omnia</span> <span class='ocrx_word' id='word_1_218' title='bbox 2577 3286 2676 3350; x_wconf 92' lang='lat' dir='ltr'>ita</span> <span class='ocrx_word' id='word_1_219' title='bbox 2722 3285 2975 3350; x_wconf 88' lang='lat' dir='ltr'>incerta</span> 
     </span>
     <span class='ocr_line' id='line_1_25' title="bbox 521 3400 2357 3485; baseline 0 -19"><span class='ocrx_word' id='word_1_220' title='bbox 521 3405 698 3485; x_wconf 88' lang='lat' dir='ltr'>sunt,</span> <span class='ocrx_word' id='word_1_221' title='bbox 748 3406 826 3467; x_wconf 91' lang='lat' dir='ltr'>ut</span> <span class='ocrx_word' id='word_1_222' title='bbox 871 3401 958 3467; x_wconf 89' lang='lat' dir='ltr'>ad</span> <span class='ocrx_word' id='word_1_223' title='bbox 1002 3401 1492 3469; x_wconf 85' lang='lat' dir='ltr'>restituendum</span> <span class='ocrx_word' id='word_1_224' title='bbox 1538 3401 1805 3466; x_wconf 85' lang='lat' dir='ltr'>Livium</span> <span class='ocrx_word' id='word_1_225' title='bbox 1853 3401 2017 3466; x_wconf 89' lang='lat' dir='ltr'>nihil</span> <span class='ocrx_word' id='word_1_226' title='bbox 2062 3400 2357 3466; x_wconf 85' lang='lat' dir='ltr'>valeant.</span> 
     </span>
    </p>

    <p class='ocr_par' dir='ltr' id='par_1_8' title="bbox 522 3495 2979 3950">
     <span class='ocr_line' id='line_1_26' title="bbox 734 3495 2975 3604; baseline -0 -23"><span class='ocrx_word' id='word_1_227' title='bbox 734 3516 863 3582; x_wconf 84' lang='lat' dir='ltr'>Sed</span> <span class='ocrx_word' id='word_1_228' title='bbox 909 3519 1132 3604; x_wconf 90' lang='lat' dir='ltr'>potius</span> <span class='ocrx_word' id='word_1_229' title='bbox 1180 3495 1587 3596; x_wconf 84' lang='lat' dir='ltr'>Periocham,</span> <span class='ocrx_word' id='word_1_230' title='bbox 1637 3538 1841 3602; x_wconf 91' lang='lat' dir='ltr'>quam</span> <span class='ocrx_word' id='word_1_231' title='bbox 1887 3539 1992 3582; x_wconf 91' lang='lat' dir='ltr'>res</span> <span class='ocrx_word' id='word_1_232' title='bbox 2040 3520 2266 3600; x_wconf 87' lang='lat' dir='ltr'>gestas</span> <span class='ocrx_word' id='word_1_233' title='bbox 2315 3538 2526 3600; x_wconf 89' lang='lat' dir='ltr'>usque</span> <span class='ocrx_word' id='word_1_234' title='bbox 2574 3515 2661 3581; x_wconf 91' lang='lat' dir='ltr'>ad</span> <span class='ocrx_word' id='word_1_235' title='bbox 2708 3516 2975 3581; x_wconf 89' lang='lat' dir='ltr'>Memmi</span> 
     </span>
     <span class='ocr_line' id='line_1_27' title="bbox 522 3631 2973 3719; baseline 0 -22"><span class='ocrx_word' id='word_1_236' title='bbox 522 3632 762 3698; x_wconf 79' lang='lat' dir='ltr'>caedem</span> <span class='ocrx_word' id='word_1_237' title='bbox 813 3633 1278 3699; x_wconf 88' lang='lat' dir='ltr'>tantummodo</span> <span class='ocrx_word' id='word_1_238' title='bbox 1341 3655 1610 3699; x_wconf 89' lang='lat' dir='ltr'>narrare</span> <span class='ocrx_word' id='word_1_239' title='bbox 1674 3633 1854 3719; x_wconf 85' lang='lat' dir='ltr'>(nam</span> <span class='ocrx_word' id='word_1_240' title='bbox 1915 3654 2063 3717; x_wconf 83' lang='lat' dir='ltr'>quae</span> <span class='ocrx_word' id='word_1_241' title='bbox 2119 3635 2489 3717; x_wconf 87' lang='lat' dir='ltr'>sequuntur</span> <span class='ocrx_word' id='word_1_242' title='bbox 2547 3631 2747 3696; x_wconf 85' lang='lat' dir='ltr'>exilia</span> <span class='ocrx_word' id='word_1_243' title='bbox 2794 3632 2973 3718; x_wconf 88' lang='lat' dir='ltr'>sunt)</span> 
     </span>
     <span class='ocr_line' id='line_1_28' title="bbox 522 3747 2975 3835; baseline -0 -22"><span class='ocrx_word' id='word_1_244' title='bbox 522 3747 839 3832; x_wconf 86' lang='lat' dir='ltr'>dolemus,</span> <span class='ocrx_word' id='word_1_245' title='bbox 902 3749 1202 3815; x_wconf 79' lang='lat' dir='ltr'>Livianae</span> <span class='ocrx_word' id='word_1_246' title='bbox 1257 3749 1658 3815; x_wconf 89' lang='lat' dir='ltr'>narrationis</span> <span class='ocrx_word' id='word_1_247' title='bbox 1705 3747 2170 3835; x_wconf 79' lang='lat' dir='ltr'>recuperandae</span> <span class='ocrx_word' id='word_1_248' title='bbox 2217 3747 2731 3813; x_wconf 79' lang='lat' dir='ltr'>fundamentum</span> <span class='ocrx_word' id='word_1_249' title='bbox 2792 3748 2975 3813; x_wconf 90' lang='lat' dir='ltr'>subi-</span> 
     </span>
     <span class='ocr_line' id='line_1_29' title="bbox 523 3863 2979 3950; baseline -0.001 -20"><span class='ocrx_word' id='word_1_250' title='bbox 523 3866 770 3933; x_wconf 86' lang='lat' dir='ltr'>cientes</span> <span class='ocrx_word' id='word_1_251' title='bbox 817 3867 1187 3950; x_wconf 82' lang='lat' dir='ltr'>videamuS,</span> <span class='ocrx_word' id='word_1_252' title='bbox 1246 3871 1471 3932; x_wconf 91' lang='lat' dir='ltr'>utrum</span> <span class='ocrx_word' id='word_1_253' title='bbox 1535 3866 1734 3933; x_wconf 88' lang='lat' dir='ltr'>ceteri</span> <span class='ocrx_word' id='word_1_254' title='bbox 1794 3867 2016 3932; x_wconf 86' lang='lat' dir='ltr'>fontes</span> <span class='ocrx_word' id='word_1_255' title='bbox 2065 3864 2257 3931; x_wconf 91' lang='lat' dir='ltr'>latini</span> <span class='ocrx_word' id='word_1_256' title='bbox 2305 3886 2339 3929; x_wconf 91' lang='lat' dir='ltr'>e</span> <span class='ocrx_word' id='word_1_257' title='bbox 2386 3864 2575 3930; x_wconf 84' lang='lat' dir='ltr'>Livio</span> <span class='ocrx_word' id='word_1_258' title='bbox 2632 3863 2979 3929; x_wconf 88' lang='lat' dir='ltr'>hauserint</span> 
     </span>
    </p>
   </div>
   <div class='ocr_carea' id='block_1_7' title="bbox 521 3980 2975 4165">
    <p class='ocr_par' dir='ltr' id='par_1_9' title="bbox 521 3980 2975 4165">
     <span class='ocr_line' id='line_1_30' title="bbox 522 3980 2975 4070; baseline -0.001 -24"><span class='ocrx_word' id='word_1_259' title='bbox 522 4002 747 4048; x_wconf 86' lang='lat' dir='ltr'>necne.</span> <span class='ocrx_word' id='word_1_260' title='bbox 810 3985 1032 4068; x_wconf 90' lang='lat' dir='ltr'>Atque</span> <span class='ocrx_word' id='word_1_261' title='bbox 1079 3983 1363 4070; x_wconf 91' lang='lat' dir='ltr'>primum</span> <span class='ocrx_word' id='word_1_262' title='bbox 1412 3982 1679 4066; x_wconf 88' lang='lat' dir='ltr'>quidem</span> <span class='ocrx_word' id='word_1_263' title='bbox 1711 3982 1982 4048; x_wconf 91' lang='lat' dir='ltr'>Orosius</span> <span class='ocrx_word' id='word_1_264' title='bbox 2031 3981 2349 4063; x_wconf 88' lang='lat' dir='ltr'>originem</span> <span class='ocrx_word' id='word_1_265' title='bbox 2388 3980 2741 4045; x_wconf 86' lang='lat' dir='ltr'>Livianam</span> <span class='ocrx_word' id='word_1_266' title='bbox 2788 4000 2975 4065; x_wconf 88' lang='lat' dir='ltr'>aper-</span> 
     </span>
     <span class='ocr_line' id='line_1_31' title="bbox 521 4097 1141 4165; baseline 0.002 -3"><span class='ocrx_word' id='word_1_267' title='bbox 521 4097 779 4163; x_wconf 85' lang='lat' dir='ltr'>tissime</span> <span class='ocrx_word' id='word_1_268' title='bbox 825 4103 1141 4165; x_wconf 88' lang='lat' dir='ltr'>testatur:</span> 
     </span>
    </p>
   </div>
   <div class='ocr_carea' id='block_1_8' title="bbox 523 4210 2979 4530">
    <p class='ocr_par' dir='ltr' id='par_1_10' title="bbox 523 4210 2979 4530">
     <span class='ocr_line' id='line_1_32' title="bbox 656 4210 2979 4297; baseline -0.002 -19"><span class='ocrx_word' id='word_1_269' title='bbox 656 4212 838 4279; x_wconf 91' lang='lat' dir='ltr'>Oros.</span> <span class='ocrx_word' id='word_1_270' title='bbox 864 4214 945 4297; x_wconf 92' lang='lat' dir='ltr'>V,</span> <span class='ocrx_word' id='word_1_271' title='bbox 978 4217 1078 4296; x_wconf 93' lang='grc'>17,</span> <span class='ocrx_word' id='word_1_272' title='bbox 1109 4215 1173 4279; x_wconf 81' lang='grc'>5;</span> <span class='ocrx_word' id='word_1_273' title='bbox 1218 4216 1374 4279; x_wconf 86' lang='lat' dir='ltr'>idem</span> <span class='ocrx_word' id='word_1_274' title='bbox 1406 4214 1695 4280; x_wconf 77' lang='lat' dir='ltr'>Saturni-</span> <span class='ocrx_word' id='word_1_275' title='bbox 1938 4214 2080 4278; x_wconf 89' lang='lat' dir='ltr'>Per.</span> <span class='ocrx_word' id='word_1_276' title='bbox 2096 4213 2205 4276; x_wconf 80' lang='lat'>69:</span> <span class='ocrx_word' id='word_1_277' title='bbox 2227 4211 2742 4294; x_wconf 77' lang='lat' dir='ltr'>idemAppuleius</span> <span class='ocrx_word' id='word_1_278' title='bbox 2757 4210 2979 4276; x_wconf 76' lang='lat' dir='ltr'>Satur-</span> 
     </span>
     <span class='ocr_line' id='line_1_33' title="bbox 523 4327 2975 4410; baseline -0.002 -16"><span class='ocrx_word' id='word_1_279' title='bbox 523 4349 640 4394; x_wconf 79' lang='lat' dir='ltr'>nus</span> <span class='ocrx_word' id='word_1_280' title='bbox 658 4330 1040 4407; x_wconf 81' lang='lat' dir='ltr'>Memmium,</span> <span class='ocrx_word' id='word_1_281' title='bbox 1058 4335 1265 4395; x_wconf 82' lang='lat' dir='ltr'>virum</span> <span class='ocrx_word' id='word_1_282' title='bbox 1288 4351 1493 4395; x_wconf 76' lang='lat' dir='ltr'>acrem</span> <span class='ocrx_word' id='word_1_283' title='bbox 1516 4336 1573 4396; x_wconf 77' lang='lat' dir='ltr'>et</span> <span class='ocrx_word' id='word_1_284' title='bbox 1598 4334 1694 4395; x_wconf 83' lang='lat' dir='ltr'>in-</span> <span class='ocrx_word' id='word_1_285' title='bbox 1805 4333 1991 4395; x_wconf 79' lang='lat' dir='ltr'>ninus</span> <span class='ocrx_word' id='word_1_286' title='bbox 2024 4329 2161 4394; x_wconf 78' lang='lat' dir='ltr'>trib.</span> <span class='ocrx_word' id='word_1_287' title='bbox 2169 4329 2261 4410; x_wconf 78' lang='lat' dir='ltr'>pl.</span> <span class='ocrx_word' id='word_1_288' title='bbox 2288 4327 2354 4393; x_wconf 80' lang='lat' dir='ltr'>G.</span> <span class='ocrx_word' id='word_1_289' title='bbox 2373 4328 2737 4393; x_wconf 79' lang='lat' dir='ltr'>Memmium</span> <span class='ocrx_word' id='word_1_290' title='bbox 2768 4327 2975 4392; x_wconf 82' lang='lat' dir='ltr'>candi-</span> 
     </span>
     <span class='ocr_line' id='line_1_34' title="bbox 524 4442 2977 4530; baseline -0.001 -21"><span class='ocrx_word' id='word_1_291' title='bbox 524 4445 927 4530; x_wconf 75' lang='lat' dir='ltr'>teqrumfieri</span> <span class='ocrx_word' id='word_1_292' title='bbox 956 4446 1260 4511; x_wconf 78' lang='lat' dir='ltr'>consulem</span> <span class='ocrx_word' id='word_1_293' title='bbox 1287 4448 1521 4522; x_wconf 76' lang='lat' dir='ltr'>timenS,</span> <span class='ocrx_word' id='word_1_294' title='bbox 1556 4451 1695 4510; x_wconf 80' lang='lat' dir='ltr'>orta</span> <span class='ocrx_word' id='word_1_295' title='bbox 1805 4446 2023 4511; x_wconf 79' lang='lat' dir='ltr'>datum</span> <span class='ocrx_word' id='word_1_296' title='bbox 2082 4444 2453 4517; x_wconf 76' lang='lat' dir='ltr'>consulatus,</span> <span class='ocrx_word' id='word_1_297' title='bbox 2517 4445 2811 4523; x_wconf 78' lang='lat' dir='ltr'>quoniam</span> <span class='ocrx_word' id='word_1_298' title='bbox 2869 4442 2977 4507; x_wconf 85' lang='lat' dir='ltr'>ad·</span> 
     </span>
    </p>
   </div>
  </div>
 </body>
</html>
