3485 5069
1552 354 1907 406 -63-

1197 597 1268 672 2.
1331 593 1448 672 De
1507 594 1809 693 legibus
1866 593 2258 694 AppuleiS.

718 773 1115 856 Priusquam
1153 770 1240 836 ad
1286 770 1506 853 legum
1553 774 1949 852 argumenta
1996 769 2410 853 accedamuS,
2461 769 2775 854 ordinem,
2827 794 2955 858 quo

505 888 662 953 latae
710 888 867 970 sint,
931 886 1010 951 de
1074 908 1202 972 quo
1250 886 1564 951 Klebsius
1612 885 2066 972 Pauly-Wiss.
2102 886 2177 968 II,
2228 887 2580 952 261-269
2631 886 2955 974 desperat,

507 1005 884 1069 accuratius
916 1003 1368 1089 inspiciamus.
1418 1003 1640 1086 Atque
1686 1000 1847 1084 lex,
1894 1002 1973 1066 in
2021 1023 2249 1087 quam
2282 1002 2651 1068 Metellus
2697 1004 2958 1068 iurare

507 1119 798 1199 noluit,
849 1140 1102 1184 annum
1154 1120 1282 1184 100
1328 1118 1470 1183 sine
1521 1117 1721 1183 dubio
1766 1118 2043 1201 obtinet,
2095 1140 2244 1183 cum
2277 1117 2356 1183 de
2391 1122 2758 1184 ceterarum
2789 1123 2957 1185 tem-

506 1257 658 1321 pore
706 1235 870 1299 nihil
919 1237 1199 1301 constet.

719 1350 894 1432 Sane
958 1354 1190 1415 auctor
1246 1349 1326 1414 de
1386 1350 1507 1415 vir.
1544 1348 1634 1414 ill.
1681 1351 1762 1413 73
1823 1349 2009 1413 illum
2058 1348 2351 1415 ordinem
2398 1349 2618 1432 legum
2666 1350 2956 1433 exhibet,

510 1468 621 1552 qui
669 1488 804 1531 non
852 1465 1261 1554 spernendus
1309 1468 1432 1549 est,
1483 1466 1611 1530 nisi
1658 1464 1886 1530 valida
1936 1470 2167 1531 contra
2199 1487 2350 1530 eum
2384 1469 2779 1548 argumenta
2809 1488 2958 1553 pro-

507 1583 649 1648 lata
696 1587 914 1648 erunt:
964 1585 1038 1648 at
1084 1583 1402 1667 quoniam
1450 1580 1910 1663 designatione
1957 1603 2174 1667 neque
2220 1582 2736 1664 magistratuum
2768 1583 2956 1648 initio

508 1698 750 1780 singuli
809 1699 1195 1763 tribunatus
1258 1696 1739 1779 discernuntur,
1806 1717 1971 1781 quos
2034 1697 2469 1763 Saturninum
2532 1698 2958 1763 continuasse

507 1815 783 1899 scriptor
830 1818 1056 1879 censet
1104 1813 1213 1898 (cf.
1250 1834 1451 1899 supra
1482 1834 1586 1898 pg.
1625 1813 1730 1895 31,
1761 1810 1842 1899 3),
1895 1811 1974 1877 de
2007 1834 2145 1877 una
2176 1812 2318 1895 lege
2368 1811 2455 1877 de
2504 1813 2713 1895 agris
2746 1814 2959 1878 Afri-

508 1930 756 2011 caniS,
821 1950 968 2014 quse
1017 1928 1381 1994 secundum
1429 1950 1581 1993 eum
1628 1949 1806 1993 anno
1837 1929 1985 1993 ’103
2034 1927 2443 2011 assignanda
2489 1933 2611 2011 est,
2670 1927 2961 1994 dubitari

509 2045 759 2129 nequit.

721 2160 1190 2241 Quaestionem,
1241 2179 1388 2244 quae
1438 2158 1525 2224 ad
1569 2159 1782 2241 legem
1829 2158 2224 2244 Appuleiam
2282 2158 2362 2223 de
2409 2159 2763 2225 maiestate
2811 2181 2957 2245 per-

507 2277 697 2357 tinet,
746 2275 1059 2340 Klebsius
1109 2274 1194 2340 ad
1239 2275 1446 2340 finem
1492 2296 1628 2339 non
1673 2273 1982 2360 perduxit
2029 2273 2791 2363 (Pauly-Wiss.1,262).
2863 2276 2960 2341 Ne

507 2389 752 2472 Lengle
778 2389 1045 2475 quidem
1078 2391 1219 2477 (Die
1246 2389 1662 2455 Sullanische
1689 2388 2123 2471 Verfassung,
2152 2390 2427 2455 Dissert.
2454 2391 2770 2474 Freiburg
2793 2392 2834 2457 i.
2854 2391 2958 2456 Br.
3039 2477 3046 2482 .

511 2508 702 2588 1899,
752 2505 1195 2594 pg.23--32),
1260 2507 1370 2591 qui
1437 2527 1612 2571 anno
1666 2507 1792 2572 103
1841 2527 1989 2571 eam
2054 2505 2266 2571 latam
2314 2527 2459 2572 esse
2505 2506 2673 2590 vult,
2739 2507 2962 2573 omnia

508 2645 655 2709 quse
706 2622 985 2688 dicenda
1017 2626 1211 2688 erant
1243 2622 1429 2705 dixit,
1469 2621 1623 2687 licet
1653 2622 1871 2687 multa
1900 2623 2184 2708 perbene
2219 2625 2450 2687 contra
2478 2621 2962 2688 Mommsenum

509 2738 717 2824 (Rom.
755 2736 991 2803 Gesch.
1027 2738 1144 2821 11⁸,
1192 2760 1295 2824 pg.
1337 2740 1488 2821 1803
1553 2738 1924 2803 Strafrecht
1969 2759 2073 2824 pg.
2113 2739 2266 2821 1983
2315 2738 2443 2802 538
2470 2736 2590 2824 sq.)
2640 2738 2959 2803 attulerit.

506 2854 738 2919 Denuo
786 2854 990 2936 igitur
1035 2854 1103 2917 in
1152 2875 1291 2918 rem
1337 2852 1803 2938 inquirendum
1851 2856 1972 2919 est.

718 2968 1108 3034 Norbanum
1140 2970 1342 3051 igitur
1380 2970 1530 3034 trib.
1558 2969 1643 3055 pl.
1673 2991 1754 3034 ea
1802 2969 1944 3051 lege
1992 2968 2171 3056 apud
2212 2969 2469 3053 equites
2504 2990 2546 3033 a
2576 2968 2647 3034 P.
2677 2966 2961 3054 Sulpicio

508 3088 918 3167 accusatum,
965 3083 1141 3169 quod
1175 3084 1488 3150 seditiose
1520 3085 1589 3149 in
1623 3084 1694 3164 Q.
1731 3084 2084 3150 Servilium
2118 3084 2487 3170 Caepionem
2521 3084 2767 3167 egisset
2783 3085 2846 3171 1),
2897 3087 2965 3148 et

509 3199 594 3264 ab
666 3200 979 3280 Antonio,
1053 3203 1312 3265 oratore
1384 3198 1769 3282 clarissimo,
1851 3199 2092 3265 diserte
2163 3198 2507 3264 defensum
2579 3199 2963 3264 absolutum

510 3314 739 3402 esse,¹)
790 3336 824 3379 e
873 3314 1173 3380 fontibus
1221 3314 1465 3397 Lengle
1516 3313 1642 3400 (pg.
1678 3315 1765 3378 23
1791 3314 1911 3402 sq.)
1962 3315 2220 3400 copiose
2268 3314 2649 3380 illustravit.
2744 3315 2964 3380 Etiam

727 3582 762 3646 ¹)
801 3581 908 3634 Cic.
948 3581 1016 3633 de
1064 3589 1200 3634 orat.
1242 3582 1310 3649 II,
1360 3581 1479 3635 107.
1519 3582 1641 3636 167.
1682 3582 1802 3636 188.
1843 3581 2126 3635 197—204
2172 3588 2308 3649 part.
2351 3588 2484 3634 orat.
2525 3582 2628 3637 104
2650 3598 2724 3648 sq.
2765 3582 2832 3634 de
2871 3581 2963 3637 off.

509 3670 578 3737 11,
617 3671 685 3722 49
726 3670 843 3722 Val.
883 3670 1026 3723 Mart.
1066 3670 1212 3737 VIII,
1250 3672 1300 3737 5,
1340 3670 1388 3725 2.

724 3757 763 3823 ²)
808 3759 950 3811 Miro
989 3775 1254 3812 consensu
1292 3761 1392 3812 viri
1432 3760 1578 3812 docti
1601 3760 1923 3825 (Mommsen
1953 3759 2253 3812 Strafrecht
2279 3760 2400 3827 198,
2422 3762 2483 3827 1;
2522 3760 2725 3827 Lengle
2751 3776 2837 3827 pg.
2864 3760 2964 3826 303

508 3848 724 3915 Ziegler
761 3865 846 3916 pg.
877 3848 966 3914 13)
1018 3848 1264 3901 Norbani
1314 3864 1530 3901 causam
1584 3849 1638 3900 in
1687 3864 1893 3900 annum
1930 3850 1999 3902 95
2036 3856 2265 3916 ponunt,
2307 3852 2557 3916 (excepto
2595 3849 2834 3916 Klebsio,
2873 3850 2965 3916 qui

510 3937 962 4005 (Pauly-Wiss.1,
1001 3936 1161 4005 2593)
1217 3936 1357 3990 falsa
1394 3938 1462 3989 de
1499 3936 1744 3989 Norbani
1797 3938 2077 3989 tribunatu
2129 3953 2176 3989 a.
2218 3939 2286 3991 95
2338 3938 2660 4003 assignando
2713 3939 2963 4006 opinione

510 4024 774 4078 adductus
815 4024 906 4091 (cf.
934 4042 1020 4093 pg.
1050 4027 1141 4091 67)
1179 4028 1233 4077 in
1275 4042 1418 4079 anno
1458 4028 1705 4093 sequenti
1732 4027 1801 4079 94
1829 4042 1947 4079 eam
1973 4027 2223 4092 collocat)
2252 4042 2347 4091 pro
2373 4027 2678 4079 testimonio
2704 4027 2964 4080 habentes

511 4114 618 4166 Cic.
647 4115 798 4167 Brut.
839 4114 961 4181 162,
1013 4116 1122 4190 qui
1175 4116 1356 4168 locus
1410 4132 1537 4168 non
1589 4114 1669 4167 ad
1708 4114 1878 4167 hanc
1916 4130 2176 4167 causam
2214 4121 2498 4182 spectat:
2537 4123 2652 4183 „est
2690 4118 2856 4169 etiam
2893 4116 2961 4169 L.

514 4200 704 4255 Crassi
741 4204 801 4254 in
841 4204 1140 4256 consulatu
1172 4220 1277 4271 pro
1323 4203 1384 4272 Q.
1417 4203 1668 4271 Caepione
1704 4206 1740 4270 †
1782 4203 2100 4270 defensione
2136 4205 2336 4257 iuncta
2373 4220 2493 4257 non
2533 4205 2708 4259 brevis
2744 4211 2808 4258 ut
2845 4206 2966 4258 lau-

512 4290 683 4357 datio,
733 4299 797 4344 ut
849 4294 1027 4344 oratio
1081 4299 1263 4345 autem
1303 4293 1531 4347 brevi8.“
1608 4292 1848 4344 Primum
1888 4295 2048 4360 enim,
2086 4293 2130 4344 si
2170 4292 2394 4345 Crassus
2433 4309 2566 4360 „pro
2607 4294 2860 4361 Caepione
2899 4295 2965 4346 in

427 4424 431 4428 .
510 4380 926 4433 Norbanum“
967 4380 1207 4447 dixisset,
1248 4381 1543 4449 Sulpicium
1582 4383 1636 4433 in
1665 4383 2006 4434 accusatione
2046 4381 2367 4448 adiuvasset,
2405 4384 2555 4435 cuius
2594 4385 2673 4434 rei
2711 4385 2765 4435 in
2806 4385 2966 4450 longa

512 4471 719 4522 Antoni
759 4472 1091 4536 narratione,
1131 4485 1348 4522 coram
1388 4470 1626 4523 Crasso
1666 4470 1924 4538 habita,
1961 4472 2243 4538 vestigium
2282 4478 2546 4538 exstaret3
2598 4470 2793 4523 deinde
2831 4471 2968 4524 Nor-
