<?xml version="1.0" encoding="UTF-8"?>
<!DOCTYPE html PUBLIC "-//W3C//DTD XHTML 1.0 Transitional//EN"
    "http://www.w3.org/TR/xhtml1/DTD/xhtml1-transitional.dtd">
<html xmlns="http://www.w3.org/1999/xhtml" xml:lang="en" lang="en">
 <head>
  <title>
</title>
<meta http-equiv="Content-Type" content="text/html;charset=utf-8" />
  <meta name='ocr-system' content='tesseract 3.04.00' />
  <meta name='ocr-capabilities' content='ocr_page ocr_carea ocr_par ocr_line ocrx_word'/>
</head>
<body>
  <div class='ocr_page' id='page_1' title='image "./delappuleiosatu01mhgoog_0059.png"; bbox 0 0 3485 5069; ppageno 0'>
   <div class='ocr_carea' id='block_1_1' title="bbox 1598 306 1953 359">
    <p class='ocr_par' dir='ltr' id='par_1_1' title="bbox 1598 306 1953 359">
     <span class='ocr_line' id='line_1_1' title="bbox 1598 306 1953 359; baseline 0 -16"><span class='ocrx_word' id='word_1_1' title='bbox 1598 306 1953 359; x_wconf 70' lang='lat'>—51-</span> 
     </span>
    </p>
   </div>
   <div class='ocr_carea' id='block_1_2' title="bbox 548 482 3008 1383">
    <p class='ocr_par' dir='ltr' id='par_1_2' title="bbox 548 482 3008 1383">
     <span class='ocr_line' id='line_1_2' title="bbox 764 482 3002 570; baseline 0.001 -22"><span class='ocrx_word' id='word_1_2' title='bbox 764 485 1048 549; x_wconf 80' lang='lat' dir='ltr'>Firmius</span> <span class='ocrx_word' id='word_1_3' title='bbox 1096 488 1320 549; x_wconf 86' lang='lat' dir='ltr'>autem</span> <span class='ocrx_word' id='word_1_4' title='bbox 1371 488 1839 567; x_wconf 80' lang='lat' dir='ltr'><strong>argumentum</strong></span> <span class='ocrx_word' id='word_1_5' title='bbox 1886 484 2227 550; x_wconf 85' lang='lat' dir='ltr'>Wissowa</span> <span class='ocrx_word' id='word_1_6' title='bbox 2273 482 2596 570; x_wconf 81' lang='lat' dir='ltr'>(Religion</span> <span class='ocrx_word' id='word_1_7' title='bbox 2643 507 2706 550; x_wconf 81' lang='lat'>11.</span> <span class='ocrx_word' id='word_1_8' title='bbox 2756 484 3002 551; x_wconf 84' lang='lat' dir='ltr'>Kultus</span> 
     </span>
     <span class='ocr_line' id='line_1_3' title="bbox 553 598 3002 688; baseline 0.001 -24"><span class='ocrx_word' id='word_1_9' title='bbox 553 599 612 665; x_wconf 88' lang='lat' dir='ltr'>d.</span> <span class='ocrx_word' id='word_1_10' title='bbox 662 599 922 682; x_wconf 70' lang='lat' dir='ltr'>Riimer,</span> <span class='ocrx_word' id='word_1_11' title='bbox 987 622 1089 686; x_wconf 86' lang='lat' dir='ltr'>pg.</span> <span class='ocrx_word' id='word_1_12' title='bbox 1140 601 1290 681; x_wconf 96' lang='grc'>211,</span> <span class='ocrx_word' id='word_1_13' title='bbox 1348 599 1518 665; x_wconf 91' lang='lat' dir='ltr'>Adn.</span> <span class='ocrx_word' id='word_1_14' title='bbox 1571 601 1631 688; x_wconf 88' lang='grc'>6)</span> <span class='ocrx_word' id='word_1_15' title='bbox 1694 598 1969 678; x_wconf 88' lang='lat' dir='ltr'>addidit,</span> <span class='ocrx_word' id='word_1_16' title='bbox 2034 599 2147 685; x_wconf 91' lang='lat' dir='ltr'>qui</span> <span class='ocrx_word' id='word_1_17' title='bbox 2207 621 2357 664; x_wconf 89' lang='lat' dir='ltr'>cum</span> <span class='ocrx_word' id='word_1_18' title='bbox 2412 599 2552 665; x_wconf 94' lang='lat' dir='ltr'>loco</span> <span class='ocrx_word' id='word_1_19' title='bbox 2608 600 3002 666; x_wconf 84' lang='lat' dir='ltr'>Plutarcheo</span> 
     </span>
     <span class='ocr_line' id='line_1_4' title="bbox 552 709 3007 803; baseline 0.001 -23"><span class='ocrx_word' id='word_1_20' title='bbox 552 716 712 781; x_wconf 88' lang='lat' dir='ltr'>Mar.</span> <span class='ocrx_word' id='word_1_21' title='bbox 760 737 811 780; x_wconf 92' lang='lat' dir='ltr'>c.</span> <span class='ocrx_word' id='word_1_22' title='bbox 847 717 953 797; x_wconf 88' lang='grc'>26,</span> <span class='ocrx_word' id='word_1_23' title='bbox 1012 738 1115 803; x_wconf 92' lang='lat' dir='ltr'>pg.</span> <span class='ocrx_word' id='word_1_24' title='bbox 1161 717 1311 797; x_wconf 84' lang='lat'>357,</span> <span class='ocrx_word' id='word_1_25' title='bbox 1363 717 1401 781; x_wconf 89' lang='grc'>8</span> <span class='ocrx_word' id='word_1_26' title='bbox 1463 710 1686 794; x_wconf 70' lang='grc' dir='ltr'>εὔξατο</span> <span class='ocrx_word' id='word_1_27' title='bbox 1733 714 1800 780; x_wconf 81' lang='grc' dir='ltr'>δὲ</span> <span class='ocrx_word' id='word_1_28' title='bbox 1845 713 1953 780; x_wconf 76' lang='grc' dir='ltr'>καὶ</span> <span class='ocrx_word' id='word_1_29' title='bbox 1998 713 2249 792; x_wconf 81' lang='grc' dir='ltr'>Κάτλος</span> <span class='ocrx_word' id='word_1_30' title='bbox 2297 709 2520 800; x_wconf 78' lang='grc' dir='ltr'>ὁμοίως</span> <span class='ocrx_word' id='word_1_31' title='bbox 2566 711 2843 800; x_wconf 81' lang='grc' dir='ltr'>ἀνασχὼν</span> <span class='ocrx_word' id='word_1_32' title='bbox 2890 711 3007 793; x_wconf 80' lang='grc' dir='ltr'>τὰς</span> 
     </span>
     <span class='ocr_line' id='line_1_5' title="bbox 548 825 3006 918; baseline 0 -22"><span class='ocrx_word' id='word_1_33' title='bbox 548 839 756 917; x_wconf 80' lang='grc' dir='ltr'>χεῖρας</span> <span class='ocrx_word' id='word_1_34' title='bbox 806 831 1203 916; x_wconf 68' lang='grc' dir='ltr'>καὲςιερώσειν</span> <span class='ocrx_word' id='word_1_35' title='bbox 1248 828 1363 918; x_wconf 79' lang='grc' dir='ltr'>τὴν</span> <span class='ocrx_word' id='word_1_36' title='bbox 1408 831 1601 916; x_wconf 82' lang='grc' dir='ltr'>τὺχην</span> <span class='ocrx_word' id='word_1_37' title='bbox 1647 829 1764 915; x_wconf 77' lang='grc' dir='ltr'>τῆς</span> <span class='ocrx_word' id='word_1_38' title='bbox 1807 825 2041 916; x_wconf 77' lang='grc' dir='ltr'>ἡμέρας</span> <span class='ocrx_word' id='word_1_39' title='bbox 2093 831 2342 917; x_wconf 52' lang='grc' dir='ltr'>ἐκείνης(</span> <span class='ocrx_word' id='word_1_40' title='bbox 2401 831 2617 897; x_wconf 85' lang='lat' dir='ltr'>fastos</span> <span class='ocrx_word' id='word_1_41' title='bbox 2677 831 3006 897; x_wconf 85' lang='lat' dir='ltr'>Allifanos</span> 
     </span>
     <span class='ocr_line' id='line_1_6' title="bbox 556 946 3008 1034; baseline -0.001 -21"><span class='ocrx_word' id='word_1_42' title='bbox 556 947 642 1033; x_wconf 84' lang='lat' dir='ltr'>(C.</span> <span class='ocrx_word' id='word_1_43' title='bbox 661 947 797 1013; x_wconf 91' lang='lat' dir='ltr'>I.L.</span> <span class='ocrx_word' id='word_1_44' title='bbox 825 949 913 1028; x_wconf 80' lang='lat'>1²,</span> <span class='ocrx_word' id='word_1_45' title='bbox 963 969 1066 1034; x_wconf 91' lang='lat' dir='ltr'>pg.</span> <span class='ocrx_word' id='word_1_46' title='bbox 1102 949 1253 1029; x_wconf 94' lang='grc'>217,</span> <span class='ocrx_word' id='word_1_47' title='bbox 1304 947 1386 1013; x_wconf 87' lang='lat' dir='ltr'>cf.</span> <span class='ocrx_word' id='word_1_48' title='bbox 1421 969 1524 1034; x_wconf 90' lang='lat' dir='ltr'>pg.</span> <span class='ocrx_word' id='word_1_49' title='bbox 1561 948 1712 1033; x_wconf 87' lang='grc'>323)</span> <span class='ocrx_word' id='word_1_50' title='bbox 1764 948 2116 1033; x_wconf 80' lang='lat' dir='ltr'>componit,</span> <span class='ocrx_word' id='word_1_51' title='bbox 2165 947 2476 1012; x_wconf 76' lang='lat' dir='ltr'>Fortunae</span> <span class='ocrx_word' id='word_1_52' title='bbox 2522 946 2815 1013; x_wconf 76' lang='lat' dir='ltr'>Huiusce</span> <span class='ocrx_word' id='word_1_53' title='bbox 2862 948 3008 1012; x_wconf 92' lang='lat' dir='ltr'>Diei</span> 
     </span>
     <span class='ocr_line' id='line_1_7' title="bbox 556 1061 2368 1149; baseline -0.001 -21"><span class='ocrx_word' id='word_1_54' title='bbox 556 1063 727 1128; x_wconf 88' lang='lat' dir='ltr'>diem</span> <span class='ocrx_word' id='word_1_55' title='bbox 775 1064 1024 1128; x_wconf 84' lang='lat' dir='ltr'>festum</span> <span class='ocrx_word' id='word_1_56' title='bbox 1071 1064 1140 1128; x_wconf 91' lang='lat' dir='ltr'>in</span> <span class='ocrx_word' id='word_1_57' title='bbox 1187 1085 1247 1128; x_wconf 83' lang='lat' dir='ltr'>a.</span> <span class='ocrx_word' id='word_1_58' title='bbox 1285 1062 1344 1128; x_wconf 86' lang='lat' dir='ltr'>d.</span> <span class='ocrx_word' id='word_1_59' title='bbox 1379 1063 1466 1127; x_wconf 95' lang='lat' dir='ltr'>III</span> <span class='ocrx_word' id='word_1_60' title='bbox 1497 1062 1645 1127; x_wconf 78' lang='lat' dir='ltr'>Kal.</span> <span class='ocrx_word' id='word_1_61' title='bbox 1681 1065 1849 1144; x_wconf 90' lang='lat' dir='ltr'>Aug.</span> <span class='ocrx_word' id='word_1_62' title='bbox 1887 1061 2368 1149; x_wconf 82' lang='lat' dir='ltr'>collocanteS.¹)</span> 
     </span>
     <span class='ocr_line' id='line_1_8' title="bbox 705 1157 3008 1265; baseline 0 -21"><span class='ocrx_word' id='word_1_63' title='bbox 705 1157 708 1161; x_wconf 76' lang='lat'><strong>.</strong></span> <span class='ocrx_word' id='word_1_64' title='bbox 772 1180 933 1245; x_wconf 91' lang='lat' dir='ltr'>Cum</span> <span class='ocrx_word' id='word_1_65' title='bbox 996 1178 1260 1265; x_wconf 88' lang='lat' dir='ltr'>quando</span> <span class='ocrx_word' id='word_1_66' title='bbox 1325 1180 1701 1265; x_wconf 84' lang='lat' dir='ltr'>triumphus</span> <span class='ocrx_word' id='word_1_67' title='bbox 1765 1177 1844 1242; x_wconf 92' lang='lat' dir='ltr'>de</span> <span class='ocrx_word' id='word_1_68' title='bbox 1892 1179 2306 1243; x_wconf 86' lang='lat' dir='ltr'>Teutonibus</span> <span class='ocrx_word' id='word_1_69' title='bbox 2369 1181 2438 1242; x_wconf 88' lang='lat' dir='ltr'>et</span> <span class='ocrx_word' id='word_1_70' title='bbox 2482 1178 2759 1244; x_wconf 83' lang='lat' dir='ltr'>Cimbris</span> <span class='ocrx_word' id='word_1_71' title='bbox 2817 1182 3008 1244; x_wconf 85' lang='lat' dir='ltr'>actus</span> 
     </span>
     <span class='ocr_line' id='line_1_9' title="bbox 555 1292 3008 1383; baseline -0 -23"><span class='ocrx_word' id='word_1_72' title='bbox 555 1295 663 1375; x_wconf 88' lang='lat' dir='ltr'>sit,</span> <span class='ocrx_word' id='word_1_73' title='bbox 712 1296 852 1360; x_wconf 90' lang='lat' dir='ltr'>erui</span> <span class='ocrx_word' id='word_1_74' title='bbox 897 1296 1261 1383; x_wconf 79' lang='lat' dir='ltr'>nequeat,²)</span> <span class='ocrx_word' id='word_1_75' title='bbox 1310 1296 1378 1358; x_wconf 92' lang='lat' dir='ltr'>in</span> <span class='ocrx_word' id='word_1_76' title='bbox 1426 1296 1675 1360; x_wconf 87' lang='lat' dir='ltr'>incerto</span> <span class='ocrx_word' id='word_1_77' title='bbox 1709 1294 2121 1379; x_wconf 79' lang='lat' dir='ltr'>relinquitur,</span> <span class='ocrx_word' id='word_1_78' title='bbox 2172 1292 2437 1378; x_wconf 84' lang='lat' dir='ltr'>quando</span> <span class='ocrx_word' id='word_1_79' title='bbox 2475 1293 2726 1359; x_wconf 84' lang='lat' dir='ltr'>Marius</span> <span class='ocrx_word' id='word_1_80' title='bbox 2769 1316 2804 1359; x_wconf 90' lang='lat' dir='ltr'>e</span> <span class='ocrx_word' id='word_1_81' title='bbox 2837 1294 3008 1360; x_wconf 92' lang='lat' dir='ltr'>bello</span> 
     </span>
    </p>
   </div>
   <div class='ocr_carea' id='block_1_3' title="bbox 554 1433 978 1440">
    <p class='ocr_par' dir='ltr' id='par_1_3' title="bbox 554 1433 978 1440">
     <span class='ocr_line' id='line_1_10' title="bbox 554 1433 978 1440; baseline 0 0"><span class='ocrx_word' id='word_1_82' title='bbox 554 1433 978 1440; x_wconf 95' lang='lat' dir='ltr'> </span> 
     </span>
    </p>
   </div>
   <div class='ocr_carea' id='block_1_4' title="bbox 553 1499 3025 4505">
    <p class='ocr_par' dir='ltr' id='par_1_4' title="bbox 553 1499 3013 1744">
     <span class='ocr_line' id='line_1_11' title="bbox 556 1499 3010 1566; baseline 0 -14"><span class='ocrx_word' id='word_1_83' title='bbox 556 1499 688 1552; x_wconf 87' lang='lat' dir='ltr'>Caes.</span> <span class='ocrx_word' id='word_1_84' title='bbox 712 1500 834 1552; x_wconf 87' lang='lat' dir='ltr'>bell.</span> <span class='ocrx_word' id='word_1_85' title='bbox 859 1501 955 1551; x_wconf 83' lang='lat' dir='ltr'>civ.</span> <span class='ocrx_word' id='word_1_86' title='bbox 979 1499 1078 1566; x_wconf 93' lang='lat' dir='ltr'>III,</span> <span class='ocrx_word' id='word_1_87' title='bbox 1104 1501 1136 1553; x_wconf 90' lang='lat'>6</span> <span class='ocrx_word' id='word_1_88' title='bbox 1174 1499 1386 1566; x_wconf 86' lang='lat' dir='ltr'>Unger:</span> <span class='ocrx_word' id='word_1_89' title='bbox 1427 1500 1784 1566; x_wconf 87' lang='lat' dir='ltr'>Chronologie</span> <span class='ocrx_word' id='word_1_90' title='bbox 1803 1500 1818 1530; x_wconf 85' lang='lat'>¹</span> <span class='ocrx_word' id='word_1_91' title='bbox 1846 1516 1932 1566; x_wconf 90' lang='lat' dir='ltr'>pg.</span> <span class='ocrx_word' id='word_1_92' title='bbox 1954 1500 2084 1552; x_wconf 84' lang='lat'>595:</span> <span class='ocrx_word' id='word_1_93' title='bbox 2125 1500 2296 1566; x_wconf 86' lang='lat' dir='ltr'>pridie</span> <span class='ocrx_word' id='word_1_94' title='bbox 2321 1500 2457 1552; x_wconf 89' lang='lat' dir='ltr'>Non.</span> <span class='ocrx_word' id='word_1_95' title='bbox 2485 1500 2607 1552; x_wconf 89' lang='lat' dir='ltr'>Jan.</span> <span class='ocrx_word' id='word_1_96' title='bbox 2630 1516 2676 1552; x_wconf 90' lang='lat' dir='ltr'>a.</span> <span class='ocrx_word' id='word_1_97' title='bbox 2700 1502 2769 1553; x_wconf 89' lang='grc'>48</span> <span class='ocrx_word' id='word_1_98' title='bbox 2794 1523 2864 1546; x_wconf 85' lang='lat'><strong><em>=</em></strong></span> <span class='ocrx_word' id='word_1_99' title='bbox 2889 1517 2936 1553; x_wconf 90' lang='lat' dir='ltr'>a.</span> <span class='ocrx_word' id='word_1_100' title='bbox 2960 1501 3010 1553; x_wconf 91' lang='lat' dir='ltr'>d.</span> 
     </span>
     <span class='ocr_line' id='line_1_12' title="bbox 555 1586 3013 1656; baseline 0.001 -17"><span class='ocrx_word' id='word_1_101' title='bbox 555 1588 685 1640; x_wconf 90' lang='lat' dir='ltr'><strong>VIII</strong></span> <span class='ocrx_word' id='word_1_102' title='bbox 724 1589 801 1641; x_wconf 94' lang='lat' dir='ltr'>Id.</span> <span class='ocrx_word' id='word_1_103' title='bbox 827 1589 959 1641; x_wconf 74' lang='lat' dir='ltr'>NoV.</span> <span class='ocrx_word' id='word_1_104' title='bbox 987 1590 1098 1655; x_wconf 85' lang='lat'>47),</span> <span class='ocrx_word' id='word_1_105' title='bbox 1147 1586 1325 1641; x_wconf 86' lang='lat' dir='ltr'>fontes</span> <span class='ocrx_word' id='word_1_106' title='bbox 1362 1588 1642 1641; x_wconf 80' lang='lat' dir='ltr'>Plutarchi</span> <span class='ocrx_word' id='word_1_107' title='bbox 1680 1589 1967 1640; x_wconf 78' lang='lat' dir='ltr'>solstitium</span> <span class='ocrx_word' id='word_1_108' title='bbox 2006 1594 2152 1640; x_wconf 88' lang='lat' dir='ltr'>certe</span> <span class='ocrx_word' id='word_1_109' title='bbox 2192 1603 2301 1640; x_wconf 91' lang='lat' dir='ltr'>non</span> <span class='ocrx_word' id='word_1_110' title='bbox 2355 1604 2382 1640; x_wconf 89' lang='lat' dir='ltr'>e</span> <span class='ocrx_word' id='word_1_111' title='bbox 2430 1604 2645 1640; x_wconf 90' lang='lat' dir='ltr'>rerum</span> <span class='ocrx_word' id='word_1_112' title='bbox 2697 1589 3013 1656; x_wconf 89' lang='lat' dir='ltr'>scientia,</span> 
     </span>
     <span class='ocr_line' id='line_1_13' title="bbox 553 1678 1461 1744; baseline 0.001 -16"><span class='ocrx_word' id='word_1_113' title='bbox 553 1678 646 1728; x_wconf 86' lang='lat' dir='ltr'>vix</span> <span class='ocrx_word' id='word_1_114' title='bbox 684 1680 919 1744; x_wconf 91' lang='lat' dir='ltr'>omnin0,</span> <span class='ocrx_word' id='word_1_115' title='bbox 958 1678 1461 1733; x_wconf 75' lang='lat' dir='ltr'>commemorabant.</span> 
     </span>
    </p>

    <p class='ocr_par' dir='ltr' id='par_1_5' title="bbox 556 1765 3025 4239">
     <span class='ocr_line' id='line_1_14' title="bbox 622 1765 3014 1837; baseline 0.001 -20"><span class='ocrx_word' id='word_1_116' title='bbox 622 1827 630 1837; x_wconf 32' lang='grc' dir='ltr'><strong><em>ι</em></strong></span> <span class='ocrx_word' id='word_1_117' title='bbox 775 1766 812 1832; x_wconf 89' lang='lat'>¹)</span> <span class='ocrx_word' id='word_1_118' title='bbox 851 1767 1066 1833; x_wconf 87' lang='lat' dir='ltr'>Optimo</span> <span class='ocrx_word' id='word_1_119' title='bbox 1104 1768 1221 1820; x_wconf 90' lang='lat' dir='ltr'>iure</span> <span class='ocrx_word' id='word_1_120' title='bbox 1260 1765 1583 1820; x_wconf 89' lang='lat' dir='ltr'>Fredericus</span> <span class='ocrx_word' id='word_1_121' title='bbox 1620 1767 1886 1819; x_wconf 88' lang='lat' dir='ltr'>Muenzer</span> <span class='ocrx_word' id='word_1_122' title='bbox 1935 1767 2022 1819; x_wconf 87' lang='lat' dir='ltr'>hic</span> <span class='ocrx_word' id='word_1_123' title='bbox 2072 1766 2415 1834; x_wconf 87' lang='lat' dir='ltr'>respicienda</span> <span class='ocrx_word' id='word_1_124' title='bbox 2465 1782 2577 1818; x_wconf 85' lang='lat' dir='ltr'>esse</span> <span class='ocrx_word' id='word_1_125' title='bbox 2630 1774 2812 1819; x_wconf 89' lang='lat' dir='ltr'>censet</span> <span class='ocrx_word' id='word_1_126' title='bbox 2850 1767 3014 1820; x_wconf 87' lang='lat' dir='ltr'>verba</span> 
     </span>
     <span class='ocr_line' id='line_1_15' title="bbox 556 1855 3017 1924; baseline 0.001 -18"><span class='ocrx_word' id='word_1_127' title='bbox 556 1855 707 1907; x_wconf 91' lang='lat' dir='ltr'>Flori</span> <span class='ocrx_word' id='word_1_128' title='bbox 734 1856 775 1922; x_wconf 95' lang='grc' dir='ltr'>Ι,</span> <span class='ocrx_word' id='word_1_129' title='bbox 803 1856 889 1923; x_wconf 87' lang='grc'>38,</span> <span class='ocrx_word' id='word_1_130' title='bbox 917 1856 985 1910; x_wconf 88' lang='grc'>20</span> <span class='ocrx_word' id='word_1_131' title='bbox 1012 1857 1132 1924; x_wconf 92' lang='grc' dir='ltr'>(ΙΙΙ,</span> <span class='ocrx_word' id='word_1_132' title='bbox 1156 1857 1240 1921; x_wconf 92' lang='lat'>3):</span> <span class='ocrx_word' id='word_1_133' title='bbox 1281 1896 1293 1909; x_wconf 88' lang='lat'><strong>.</strong></span> <span class='ocrx_word' id='word_1_134' title='bbox 1324 1897 1334 1909; x_wconf 95' lang='lat'><strong>.</strong></span> <span class='ocrx_word' id='word_1_135' title='bbox 1360 1898 1369 1908; x_wconf 87' lang='lat'><strong>.</strong></span> <span class='ocrx_word' id='word_1_136' title='bbox 1397 1857 1773 1924; x_wconf 72' lang='lat' dir='ltr'>frequensque</span> <span class='ocrx_word' id='word_1_137' title='bbox 1811 1857 1875 1908; x_wconf 78' lang='lat' dir='ltr'>in</span> <span class='ocrx_word' id='word_1_138' title='bbox 1911 1856 2227 1924; x_wconf 79' lang='lat' dir='ltr'>spectaculo</span> <span class='ocrx_word' id='word_1_139' title='bbox 2251 1871 2439 1908; x_wconf 79' lang='lat' dir='ltr'>rumor</span> <span class='ocrx_word' id='word_1_140' title='bbox 2463 1856 2706 1908; x_wconf 67' lang='lat' dir='ltr'>victoriae</span> <span class='ocrx_word' id='word_1_141' title='bbox 2735 1855 3017 1909; x_wconf 68' lang='lat' dir='ltr'>Cimbricae</span> 
     </span>
     <span class='ocr_line' id='line_1_16' title="bbox 558 1944 3013 2015; baseline 0 -19"><span class='ocrx_word' id='word_1_142' title='bbox 558 1944 779 2012; x_wconf 82' lang='lat' dir='ltr'>(desunt</span> <span class='ocrx_word' id='word_1_143' title='bbox 817 1947 1102 2012; x_wconf 85' lang='lat' dir='ltr'>nonnulla)</span> <span class='ocrx_word' id='word_1_144' title='bbox 1141 1946 1292 2014; x_wconf 77' lang='lat' dir='ltr'>quod</span> <span class='ocrx_word' id='word_1_145' title='bbox 1328 1947 1392 1998; x_wconf 78' lang='lat' dir='ltr'>in</span> <span class='ocrx_word' id='word_1_146' title='bbox 1427 1946 1773 2015; x_wconf 74' lang='lat' dir='ltr'>yladiatorio</span> <span class='ocrx_word' id='word_1_147' title='bbox 1810 1961 2032 1998; x_wconf 82' lang='lat' dir='ltr'>munere</span> <span class='ocrx_word' id='word_1_148' title='bbox 2067 1946 2191 2011; x_wconf 76' lang='lat' dir='ltr'>fieri</span> <span class='ocrx_word' id='word_1_149' title='bbox 2227 1945 2380 2009; x_wconf 74' lang='lat' dir='ltr'>solet,</span> <span class='ocrx_word' id='word_1_150' title='bbox 2425 1944 2663 2011; x_wconf 78' lang='lat' dir='ltr'>feliciter</span> <span class='ocrx_word' id='word_1_151' title='bbox 2700 1945 2886 1999; x_wconf 80' lang='lat' dir='ltr'>dixit.</span> <span class='ocrx_word' id='word_1_152' title='bbox 2920 1987 2930 1997; x_wconf 92' lang='lat'><strong>.</strong></span> <span class='ocrx_word' id='word_1_153' title='bbox 2960 1988 2970 1998; x_wconf 92' lang='lat'><strong>.</strong></span> <span class='ocrx_word' id='word_1_154' title='bbox 3004 1988 3013 1997; x_wconf 91' lang='lat'><strong>.</strong></span> 
     </span>
     <span class='ocr_line' id='line_1_17' title="bbox 557 2034 3015 2103; baseline 0.001 -17"><span class='ocrx_word' id='word_1_155' title='bbox 557 2035 803 2102; x_wconf 80' lang='lat' dir='ltr'>populus</span> <span class='ocrx_word' id='word_1_156' title='bbox 864 2037 929 2087; x_wconf 80' lang='lat' dir='ltr'>in</span> <span class='ocrx_word' id='word_1_157' title='bbox 991 2036 1127 2089; x_wconf 84' lang='lat' dir='ltr'>urbe</span> <span class='ocrx_word' id='word_1_158' title='bbox 1178 2036 1506 2103; x_wconf 80' lang='lat' dir='ltr'>plaudebat.</span> <span class='ocrx_word' id='word_1_159' title='bbox 1617 2036 1767 2088; x_wconf 90' lang='lat' dir='ltr'>Idem</span> <span class='ocrx_word' id='word_1_160' title='bbox 1829 2051 1914 2087; x_wconf 93' lang='lat' dir='ltr'>me</span> <span class='ocrx_word' id='word_1_161' title='bbox 1989 2041 2187 2101; x_wconf 89' lang='lat' dir='ltr'>monet,</span> <span class='ocrx_word' id='word_1_162' title='bbox 2262 2036 2423 2086; x_wconf 90' lang='lat' dir='ltr'>situm</span> <span class='ocrx_word' id='word_1_163' title='bbox 2497 2036 2684 2101; x_wconf 90' lang='lat' dir='ltr'>templi</span> <span class='ocrx_word' id='word_1_164' title='bbox 2758 2034 3015 2089; x_wconf 87' lang='lat' dir='ltr'>Fortunae</span> 
     </span>
     <span class='ocr_line' id='line_1_18' title="bbox 557 2121 3015 2192; baseline 0.001 -18"><span class='ocrx_word' id='word_1_165' title='bbox 557 2123 793 2175; x_wconf 87' lang='lat' dir='ltr'>Huiusce</span> <span class='ocrx_word' id='word_1_166' title='bbox 846 2124 968 2176; x_wconf 91' lang='lat' dir='ltr'>Diei</span> <span class='ocrx_word' id='word_1_167' title='bbox 1021 2127 1218 2178; x_wconf 89' lang='lat' dir='ltr'>certius</span> <span class='ocrx_word' id='word_1_168' title='bbox 1266 2124 1483 2177; x_wconf 89' lang='lat' dir='ltr'>definiri</span> <span class='ocrx_word' id='word_1_169' title='bbox 1535 2141 1703 2191; x_wconf 86' lang='lat' dir='ltr'>posse.</span> <span class='ocrx_word' id='word_1_170' title='bbox 1751 2124 1934 2177; x_wconf 87' lang='lat' dir='ltr'>Verba</span> <span class='ocrx_word' id='word_1_171' title='bbox 1973 2125 2069 2191; x_wconf 75' lang='lat' dir='ltr'>„in</span> <span class='ocrx_word' id='word_1_172' title='bbox 2106 2126 2334 2192; x_wconf 76' lang='lat' dir='ltr'>canzpo“</span> <span class='ocrx_word' id='word_1_173' title='bbox 2373 2123 2452 2191; x_wconf 93' lang='lat' dir='ltr'>(C.</span> <span class='ocrx_word' id='word_1_174' title='bbox 2487 2125 2528 2177; x_wconf 92' lang='grc' dir='ltr'>Ι.</span> <span class='ocrx_word' id='word_1_175' title='bbox 2562 2125 2620 2177; x_wconf 89' lang='lat' dir='ltr'>L.</span> <span class='ocrx_word' id='word_1_176' title='bbox 2662 2121 2730 2191; x_wconf 84' lang='lat'>1²,</span> <span class='ocrx_word' id='word_1_177' title='bbox 2769 2140 2853 2191; x_wconf 86' lang='lat' dir='ltr'>pg.</span> <span class='ocrx_word' id='word_1_178' title='bbox 2889 2125 3015 2189; x_wconf 88' lang='grc'>217)</span> 
     </span>
     <span class='ocr_line' id='line_1_19' title="bbox 558 2213 3017 2280; baseline 0.001 -17"><span class='ocrx_word' id='word_1_179' title='bbox 558 2213 841 2265; x_wconf 86' lang='lat' dir='ltr'>interiecto</span> <span class='ocrx_word' id='word_1_180' title='bbox 894 2214 1051 2266; x_wconf 84' lang='lat' dir='ltr'>lineae</span> <span class='ocrx_word' id='word_1_181' title='bbox 1089 2215 1263 2280; x_wconf 87' lang='lat' dir='ltr'>spatio</span> <span class='ocrx_word' id='word_1_182' title='bbox 1300 2229 1331 2265; x_wconf 89' lang='lat' dir='ltr'>a</span> <span class='ocrx_word' id='word_1_183' title='bbox 1372 2213 1619 2266; x_wconf 90' lang='lat' dir='ltr'>ludorum</span> <span class='ocrx_word' id='word_1_184' title='bbox 1671 2214 2174 2267; x_wconf 82' lang='lat' dir='ltr'>commemoratione</span> <span class='ocrx_word' id='word_1_185' title='bbox 2222 2221 2577 2266; x_wconf 87' lang='lat' dir='ltr'>secernuntur</span> <span class='ocrx_word' id='word_1_186' title='bbox 2624 2213 2849 2280; x_wconf 88' lang='lat' dir='ltr'>ideoque</span> <span class='ocrx_word' id='word_1_187' title='bbox 2897 2229 3017 2265; x_wconf 91' lang='lat' dir='ltr'>cum</span> 
     </span>
     <span class='ocr_line' id='line_1_20' title="bbox 564 2301 3020 2369; baseline 0.001 -17"><span class='ocrx_word' id='word_1_188' title='bbox 564 2302 639 2352; x_wconf 87' lang='lat' dir='ltr'>eis</span> <span class='ocrx_word' id='word_1_189' title='bbox 679 2318 782 2353; x_wconf 91' lang='lat' dir='ltr'>non</span> <span class='ocrx_word' id='word_1_190' title='bbox 825 2302 1203 2368; x_wconf 85' lang='lat' dir='ltr'>coniungenda</span> <span class='ocrx_word' id='word_1_191' title='bbox 1242 2310 1381 2355; x_wconf 90' lang='lat' dir='ltr'>sunt.</span> <span class='ocrx_word' id='word_1_192' title='bbox 1440 2303 1691 2356; x_wconf 80' lang='lat' dir='ltr'>Catulum</span> <span class='ocrx_word' id='word_1_193' title='bbox 1728 2304 1783 2354; x_wconf 92' lang='lat' dir='ltr'>in</span> <span class='ocrx_word' id='word_1_194' title='bbox 1823 2303 2025 2368; x_wconf 79' lang='lat' dir='ltr'>templo</span> <span class='ocrx_word' id='word_1_195' title='bbox 2063 2301 2324 2355; x_wconf 83' lang='lat' dir='ltr'>Fortunae</span> <span class='ocrx_word' id='word_1_196' title='bbox 2362 2301 2429 2354; x_wconf 90' lang='lat' dir='ltr'>H.</span> <span class='ocrx_word' id='word_1_197' title='bbox 2463 2303 2545 2369; x_wconf 89' lang='lat' dir='ltr'>D.‚</span> <span class='ocrx_word' id='word_1_198' title='bbox 2584 2302 2727 2368; x_wconf 90' lang='lat' dir='ltr'>quod</span> <span class='ocrx_word' id='word_1_199' title='bbox 2766 2302 3020 2355; x_wconf 88' lang='lat' dir='ltr'>AEmilius</span> 
     </span>
     <span class='ocr_line' id='line_1_21' title="bbox 560 2390 3016 2459; baseline 0.001 -18"><span class='ocrx_word' id='word_1_200' title='bbox 560 2390 784 2442; x_wconf 82' lang='lat' dir='ltr'>Paullus</span> <span class='ocrx_word' id='word_1_201' title='bbox 822 2397 1043 2445; x_wconf 82' lang='lat' dir='ltr'>voverat</span> <span class='ocrx_word' id='word_1_202' title='bbox 1088 2390 1181 2458; x_wconf 85' lang='lat' dir='ltr'>(cf.</span> <span class='ocrx_word' id='word_1_203' title='bbox 1208 2393 1345 2445; x_wconf 92' lang='lat' dir='ltr'>Plin.</span> <span class='ocrx_word' id='word_1_204' title='bbox 1387 2392 1452 2444; x_wconf 90' lang='lat' dir='ltr'>N.</span> <span class='ocrx_word' id='word_1_205' title='bbox 1480 2391 1547 2444; x_wconf 92' lang='lat' dir='ltr'>H.</span> <span class='ocrx_word' id='word_1_206' title='bbox 1576 2391 1830 2458; x_wconf 92' lang='lat' dir='ltr'>XXXIV,</span> <span class='ocrx_word' id='word_1_207' title='bbox 1865 2393 1974 2457; x_wconf 88' lang='lat'>60),</span> <span class='ocrx_word' id='word_1_208' title='bbox 2013 2392 2167 2457; x_wconf 87' lang='lat' dir='ltr'>signa</span> <span class='ocrx_word' id='word_1_209' title='bbox 2204 2390 2512 2457; x_wconf 86' lang='lat' dir='ltr'>deposuisse</span> <span class='ocrx_word' id='word_1_210' title='bbox 2552 2407 2580 2442; x_wconf 92' lang='lat' dir='ltr'>c</span> <span class='ocrx_word' id='word_1_211' title='bbox 2619 2391 2797 2444; x_wconf 89' lang='lat' dir='ltr'>Plinio</span> <span class='ocrx_word' id='word_1_212' title='bbox 2835 2391 2921 2459; x_wconf 89' lang='lat' dir='ltr'>(N.</span> <span class='ocrx_word' id='word_1_213' title='bbox 2950 2391 3016 2443; x_wconf 91' lang='lat' dir='ltr'>H.</span> 
     </span>
     <span class='ocr_line' id='line_1_22' title="bbox 559 2464 3020 2548; baseline 0.001 -18"><span class='ocrx_word' id='word_1_214' title='bbox 559 2464 810 2547; x_wconf 82' lang='lat' dir='ltr'>XXXIV,</span> <span class='ocrx_word' id='word_1_215' title='bbox 850 2481 942 2546; x_wconf 84' lang='lat'>54)</span> <span class='ocrx_word' id='word_1_216' title='bbox 981 2488 1312 2548; x_wconf 88' lang='lat' dir='ltr'>compertum</span> <span class='ocrx_word' id='word_1_217' title='bbox 1351 2480 1636 2533; x_wconf 85' lang='lat' dir='ltr'>habemus:</span> <span class='ocrx_word' id='word_1_218' title='bbox 1678 2487 1796 2531; x_wconf 87' lang='lat' dir='ltr'>erat</span> <span class='ocrx_word' id='word_1_219' title='bbox 1834 2486 2017 2531; x_wconf 85' lang='lat' dir='ltr'>autem</span> <span class='ocrx_word' id='word_1_220' title='bbox 2055 2479 2316 2546; x_wconf 89' lang='lat' dir='ltr'>templum</span> <span class='ocrx_word' id='word_1_221' title='bbox 2343 2478 2388 2529; x_wconf 91' lang='lat' dir='ltr'>F</span> <span class='ocrx_word' id='word_1_222' title='bbox 2392 2485 2602 2532; x_wconf 84' lang='lat' dir='ltr'>ortunae</span> <span class='ocrx_word' id='word_1_223' title='bbox 2641 2479 2707 2531; x_wconf 91' lang='lat' dir='ltr'>H.</span> <span class='ocrx_word' id='word_1_224' title='bbox 2735 2479 2800 2532; x_wconf 93' lang='lat' dir='ltr'>D.</span> <span class='ocrx_word' id='word_1_225' title='bbox 2829 2481 2885 2532; x_wconf 91' lang='lat' dir='ltr'>in</span> <span class='ocrx_word' id='word_1_226' title='bbox 2920 2480 3020 2532; x_wconf 90' lang='lat' dir='ltr'>Pa-</span> 
     </span>
     <span class='ocr_line' id='line_1_23' title="bbox 559 2566 3021 2637; baseline 0 -16"><span class='ocrx_word' id='word_1_227' title='bbox 559 2570 708 2637; x_wconf 85' lang='lat' dir='ltr'>latio,</span> <span class='ocrx_word' id='word_1_228' title='bbox 735 2570 799 2620; x_wconf 86' lang='lat' dir='ltr'>de</span> <span class='ocrx_word' id='word_1_229' title='bbox 829 2571 979 2622; x_wconf 88' lang='lat' dir='ltr'>cuius</span> <span class='ocrx_word' id='word_1_230' title='bbox 1006 2578 1166 2623; x_wconf 86' lang='lat' dir='ltr'>aetate</span> <span class='ocrx_word' id='word_1_231' title='bbox 1196 2571 1330 2622; x_wconf 90' lang='lat' dir='ltr'>nihil</span> <span class='ocrx_word' id='word_1_232' title='bbox 1358 2577 1572 2623; x_wconf 87' lang='lat' dir='ltr'>constat</span> <span class='ocrx_word' id='word_1_233' title='bbox 1597 2568 1689 2636; x_wconf 83' lang='lat' dir='ltr'>(cf.</span> <span class='ocrx_word' id='word_1_234' title='bbox 1711 2569 1854 2621; x_wconf 92' lang='lat' dir='ltr'>Plut.</span> <span class='ocrx_word' id='word_1_235' title='bbox 1882 2569 1949 2621; x_wconf 90' lang='lat' dir='ltr'>de</span> <span class='ocrx_word' id='word_1_236' title='bbox 1976 2566 2100 2621; x_wconf 86' lang='lat' dir='ltr'>fort.</span> <span class='ocrx_word' id='word_1_237' title='bbox 2124 2568 2275 2621; x_wconf 89' lang='lat' dir='ltr'>Rom.</span> <span class='ocrx_word' id='word_1_238' title='bbox 2306 2569 2392 2635; x_wconf 88' lang='lat'>10,</span> <span class='ocrx_word' id='word_1_239' title='bbox 2421 2585 2506 2635; x_wconf 89' lang='lat' dir='ltr'>pg.</span> <span class='ocrx_word' id='word_1_240' title='bbox 2528 2568 2633 2622; x_wconf 88' lang='grc'>322</span> <span class='ocrx_word' id='word_1_241' title='bbox 2650 2569 2741 2636; x_wconf 86' lang='lat' dir='ltr'>F.;</span> <span class='ocrx_word' id='word_1_242' title='bbox 2779 2568 3021 2637; x_wconf 87' lang='lat' dir='ltr'>Richter,</span> 
     </span>
     <span class='ocr_line' id='line_1_24' title="bbox 565 2657 3021 2726; baseline 0.001 -17"><span class='ocrx_word' id='word_1_243' title='bbox 565 2658 938 2725; x_wconf 86' lang='lat' dir='ltr'>Topographie</span> <span class='ocrx_word' id='word_1_244' title='bbox 964 2659 1063 2712; x_wconf 89' lang='lat' dir='ltr'>der</span> <span class='ocrx_word' id='word_1_245' title='bbox 1099 2659 1255 2712; x_wconf 90' lang='lat' dir='ltr'>Stadt</span> <span class='ocrx_word' id='word_1_246' title='bbox 1292 2657 1467 2712; x_wconf 84' lang='lat' dir='ltr'>Rom²</span> <span class='ocrx_word' id='word_1_247' title='bbox 1503 2676 1588 2726; x_wconf 88' lang='lat' dir='ltr'>pg.</span> <span class='ocrx_word' id='word_1_248' title='bbox 1620 2659 1762 2726; x_wconf 88' lang='grc'>142).</span> <span class='ocrx_word' id='word_1_249' title='bbox 1822 2659 1956 2711; x_wconf 91' lang='lat' dir='ltr'>Cum</span> <span class='ocrx_word' id='word_1_250' title='bbox 1984 2674 2110 2711; x_wconf 88' lang='lat' dir='ltr'>vero</span> <span class='ocrx_word' id='word_1_251' title='bbox 2148 2659 2203 2710; x_wconf 94' lang='lat' dir='ltr'>in</span> <span class='ocrx_word' id='word_1_252' title='bbox 2241 2659 2453 2712; x_wconf 88' lang='lat' dir='ltr'>Palatio</span> <span class='ocrx_word' id='word_1_253' title='bbox 2492 2660 2758 2724; x_wconf 89' lang='lat' dir='ltr'>porticum</span> <span class='ocrx_word' id='word_1_254' title='bbox 2799 2659 3021 2712; x_wconf 83' lang='lat' dir='ltr'>Catulus</span> 
     </span>
     <span class='ocr_line' id='line_1_25' title="bbox 559 2747 3022 2816; baseline 0.002 -18"><span class='ocrx_word' id='word_1_255' title='bbox 559 2748 863 2800; x_wconf 86' lang='lat' dir='ltr'>condiderit</span> <span class='ocrx_word' id='word_1_256' title='bbox 901 2749 1032 2814; x_wconf 86' lang='lat' dir='ltr'>(Cic.</span> <span class='ocrx_word' id='word_1_257' title='bbox 1060 2749 1127 2801; x_wconf 89' lang='lat' dir='ltr'>de</span> <span class='ocrx_word' id='word_1_258' title='bbox 1166 2748 1322 2802; x_wconf 88' lang='lat' dir='ltr'>domo</span> <span class='ocrx_word' id='word_1_259' title='bbox 1363 2748 1481 2803; x_wconf 86' lang='grc'>102.</span> <span class='ocrx_word' id='word_1_260' title='bbox 1514 2748 1631 2803; x_wconf 91' lang='grc'>107.</span> <span class='ocrx_word' id='word_1_261' title='bbox 1675 2748 1984 2814; x_wconf 85' lang='grc'>114-116,</span> <span class='ocrx_word' id='word_1_262' title='bbox 2039 2747 2241 2800; x_wconf 89' lang='lat' dir='ltr'>Sueton</span> <span class='ocrx_word' id='word_1_263' title='bbox 2280 2747 2347 2799; x_wconf 90' lang='lat' dir='ltr'>de</span> <span class='ocrx_word' id='word_1_264' title='bbox 2387 2764 2552 2813; x_wconf 88' lang='lat' dir='ltr'>gram.</span> <span class='ocrx_word' id='word_1_265' title='bbox 2594 2754 2647 2800; x_wconf 87' lang='lat' dir='ltr'>et</span> <span class='ocrx_word' id='word_1_266' title='bbox 2684 2748 2821 2801; x_wconf 88' lang='lat' dir='ltr'>rhet.</span> <span class='ocrx_word' id='word_1_267' title='bbox 2864 2766 2906 2802; x_wconf 89' lang='lat' dir='ltr'>c.</span> <span class='ocrx_word' id='word_1_268' title='bbox 2937 2750 3022 2816; x_wconf 90' lang='grc'>17,</span> 
     </span>
     <span class='ocr_line' id='line_1_26' title="bbox 560 2835 3021 2905; baseline 0.001 -17"><span class='ocrx_word' id='word_1_269' title='bbox 560 2852 647 2904; x_wconf 88' lang='lat' dir='ltr'>pg.</span> <span class='ocrx_word' id='word_1_270' title='bbox 677 2838 806 2905; x_wconf 90' lang='grc'>113,</span> <span class='ocrx_word' id='word_1_271' title='bbox 845 2837 1069 2890; x_wconf 87' lang='lat' dir='ltr'>Richter</span> <span class='ocrx_word' id='word_1_272' title='bbox 1094 2837 1324 2903; x_wconf 88' lang='lat' dir='ltr'>Topogr.</span> <span class='ocrx_word' id='word_1_273' title='bbox 1344 2835 1366 2868; x_wconf 84' lang='lat'><em>²</em></span> <span class='ocrx_word' id='word_1_274' title='bbox 1400 2854 1485 2904; x_wconf 87' lang='lat' dir='ltr'>pg.</span> <span class='ocrx_word' id='word_1_275' title='bbox 1514 2838 1618 2890; x_wconf 88' lang='grc'>142</span> <span class='ocrx_word' id='word_1_276' title='bbox 1635 2840 1736 2904; x_wconf 90' lang='lat' dir='ltr'>sq.)</span> <span class='ocrx_word' id='word_1_277' title='bbox 1763 2852 2052 2904; x_wconf 81' lang='lat' dir='ltr'>areamque</span> <span class='ocrx_word' id='word_1_278' title='bbox 2079 2836 2260 2889; x_wconf 85' lang='lat' dir='ltr'>Flacci</span> <span class='ocrx_word' id='word_1_279' title='bbox 2289 2837 2362 2889; x_wconf 93' lang='lat' dir='ltr'>ibi</span> <span class='ocrx_word' id='word_1_280' title='bbox 2392 2838 2549 2889; x_wconf 86' lang='lat' dir='ltr'>sitam</span> <span class='ocrx_word' id='word_1_281' title='bbox 2587 2838 2879 2889; x_wconf 86' lang='lat' dir='ltr'>secundum</span> <span class='ocrx_word' id='word_1_282' title='bbox 2919 2838 3021 2891; x_wconf 89' lang='lat' dir='ltr'>Va·</span> 
     </span>
     <span class='ocr_line' id='line_1_27' title="bbox 563 2924 3021 2993; baseline 0.001 -17"><span class='ocrx_word' id='word_1_283' title='bbox 563 2927 754 2977; x_wconf 84' lang='lat' dir='ltr'>lerium</span> <span class='ocrx_word' id='word_1_284' title='bbox 793 2926 939 2978; x_wconf 85' lang='lat' dir='ltr'>Max.</span> <span class='ocrx_word' id='word_1_285' title='bbox 968 2925 1060 2992; x_wconf 93' lang='lat' dir='ltr'>VI,</span> <span class='ocrx_word' id='word_1_286' title='bbox 1086 2928 1138 2993; x_wconf 85' lang='lat'>3,</span> <span class='ocrx_word' id='word_1_287' title='bbox 1165 2927 1194 2979; x_wconf 99' lang='lat'>1</span> <span class='ocrx_word' id='word_1_288' title='bbox 1236 2926 1523 2992; x_wconf 66' lang='lat' dir='ltr'>„oedz‘siciis</span> <span class='ocrx_word' id='word_1_289' title='bbox 1570 2928 1902 2991; x_wconf 79' lang='lat' dir='ltr'>ornaverit“,</span> <span class='ocrx_word' id='word_1_290' title='bbox 1941 2942 2045 2978; x_wconf 92' lang='lat' dir='ltr'>non</span> <span class='ocrx_word' id='word_1_291' title='bbox 2093 2924 2298 2978; x_wconf 85' lang='lat' dir='ltr'>frustra</span> <span class='ocrx_word' id='word_1_292' title='bbox 2346 2927 2402 2977; x_wconf 90' lang='lat' dir='ltr'>in</span> <span class='ocrx_word' id='word_1_293' title='bbox 2451 2926 2637 2978; x_wconf 88' lang='lat' dir='ltr'>eodem</span> <span class='ocrx_word' id='word_1_294' title='bbox 2690 2928 2803 2979; x_wconf 94' lang='lat' dir='ltr'>loco</span> <span class='ocrx_word' id='word_1_295' title='bbox 2850 2928 3021 2980; x_wconf 84' lang='lat' dir='ltr'>aedem</span> 
     </span>
     <span class='ocr_line' id='line_1_28' title="bbox 558 3014 3021 3083; baseline 0.001 -17"><span class='ocrx_word' id='word_1_296' title='bbox 558 3014 629 3066; x_wconf 89' lang='lat' dir='ltr'>ab</span> <span class='ocrx_word' id='word_1_297' title='bbox 669 3015 871 3082; x_wconf 88' lang='lat' dir='ltr'>eodem,</span> <span class='ocrx_word' id='word_1_298' title='bbox 909 3022 970 3067; x_wconf 92' lang='lat' dir='ltr'>ut</span> <span class='ocrx_word' id='word_1_299' title='bbox 994 3015 1222 3082; x_wconf 85' lang='lat' dir='ltr'>videtur,</span> <span class='ocrx_word' id='word_1_300' title='bbox 1248 3022 1559 3068; x_wconf 77' lang='lat' dir='ltr'>renovatam</span> <span class='ocrx_word' id='word_1_301' title='bbox 1586 3016 2040 3081; x_wconf 80' lang='lat' dir='ltr'>investigabimus,</span> <span class='ocrx_word' id='word_1_302' title='bbox 2117 3017 2297 3082; x_wconf 90' lang='lat' dir='ltr'>Atque</span> <span class='ocrx_word' id='word_1_303' title='bbox 2333 3017 2531 3081; x_wconf 89' lang='lat' dir='ltr'>optime</span> <span class='ocrx_word' id='word_1_304' title='bbox 2568 3031 2623 3068; x_wconf 89' lang='lat' dir='ltr'>se</span> <span class='ocrx_word' id='word_1_305' title='bbox 2662 3015 2843 3083; x_wconf 87' lang='lat' dir='ltr'>habet,</span> <span class='ocrx_word' id='word_1_306' title='bbox 2881 3015 3021 3083; x_wconf 91' lang='lat' dir='ltr'>quod</span> 
     </span>
     <span class='ocr_line' id='line_1_29' title="bbox 565 3102 3021 3172; baseline 0.001 -18"><span class='ocrx_word' id='word_1_307' title='bbox 565 3102 742 3155; x_wconf 87' lang='lat' dir='ltr'>Catuli</span> <span class='ocrx_word' id='word_1_308' title='bbox 784 3106 1120 3170; x_wconf 90' lang='lat' dir='ltr'>popularium</span> <span class='ocrx_word' id='word_1_309' title='bbox 1157 3104 1279 3157; x_wconf 90' lang='lat' dir='ltr'>odio</span> <span class='ocrx_word' id='word_1_310' title='bbox 1320 3102 1604 3171; x_wconf 86' lang='lat' dir='ltr'>flagrantis</span> <span class='ocrx_word' id='word_1_311' title='bbox 1631 3104 1772 3171; x_wconf 83' lang='lat' dir='ltr'>(Val.</span> <span class='ocrx_word' id='word_1_312' title='bbox 1800 3105 1947 3156; x_wconf 87' lang='lat' dir='ltr'>Max.</span> <span class='ocrx_word' id='word_1_313' title='bbox 1976 3104 2069 3172; x_wconf 92' lang='lat' dir='ltr'>VI,</span> <span class='ocrx_word' id='word_1_314' title='bbox 2095 3105 2147 3172; x_wconf 87' lang='lat'>3,</span> <span class='ocrx_word' id='word_1_315' title='bbox 2174 3106 2230 3158; x_wconf 89' lang='lat'>1:</span> <span class='ocrx_word' id='word_1_316' title='bbox 2271 3104 2452 3157; x_wconf 83' lang='lat' dir='ltr'>Flacci</span> <span class='ocrx_word' id='word_1_317' title='bbox 2491 3120 2619 3157; x_wconf 89' lang='lat' dir='ltr'>area</span> <span class='ocrx_word' id='word_1_318' title='bbox 2658 3103 3021 3158; x_wconf 88' lang='lat' dir='ltr'>Gracchorum</span> 
     </span>
     <span class='ocr_line' id='line_1_30' title="bbox 561 3193 3022 3261; baseline 0.002 -19"><span class='ocrx_word' id='word_1_319' title='bbox 561 3193 840 3244; x_wconf 89' lang='lat' dir='ltr'>interitum</span> <span class='ocrx_word' id='word_1_320' title='bbox 867 3194 919 3244; x_wconf 91' lang='lat' dir='ltr'>in</span> <span class='ocrx_word' id='word_1_321' title='bbox 944 3194 1304 3260; x_wconf 80' lang='lat' dir='ltr'>spectantium</span> <span class='ocrx_word' id='word_1_322' title='bbox 1325 3195 1637 3247; x_wconf 86' lang='lat' dir='ltr'>memoriam</span> <span class='ocrx_word' id='word_1_323' title='bbox 1658 3194 1987 3260; x_wconf 80' lang='lat' dir='ltr'>revocabat.)</span> <span class='ocrx_word' id='word_1_324' title='bbox 2014 3194 2221 3247; x_wconf 90' lang='lat' dir='ltr'>duobus</span> <span class='ocrx_word' id='word_1_325' title='bbox 2241 3195 2294 3245; x_wconf 92' lang='lat' dir='ltr'>in</span> <span class='ocrx_word' id='word_1_326' title='bbox 2318 3194 2529 3247; x_wconf 90' lang='lat' dir='ltr'>Palatio</span> <span class='ocrx_word' id='word_1_327' title='bbox 2556 3194 2813 3261; x_wconf 75' lang='lat' dir='ltr'>aedificiis,</span> <span class='ocrx_word' id='word_1_328' title='bbox 2842 3195 3022 3254; x_wconf 81' lang='lat' dir='ltr'>Mari,</span> 
     </span>
     <span class='ocr_line' id='line_1_31' title="bbox 565 3281 3023 3350; baseline 0.001 -19"><span class='ocrx_word' id='word_1_329' title='bbox 565 3288 624 3332; x_wconf 92' lang='lat' dir='ltr'>ut</span> <span class='ocrx_word' id='word_1_330' title='bbox 663 3281 934 3347; x_wconf 90' lang='lat' dir='ltr'>dicuntur,</span> <span class='ocrx_word' id='word_1_331' title='bbox 985 3289 1339 3335; x_wconf 79' lang='lat' dir='ltr'>monumenta</span> <span class='ocrx_word' id='word_1_332' title='bbox 1389 3285 1443 3335; x_wconf 93' lang='lat' dir='ltr'>in</span> <span class='ocrx_word' id='word_1_333' title='bbox 1486 3283 1753 3348; x_wconf 90' lang='lat' dir='ltr'>Capitolio</span> <span class='ocrx_word' id='word_1_334' title='bbox 1791 3283 2098 3335; x_wconf 86' lang='lat' dir='ltr'>Palatinum</span> <span class='ocrx_word' id='word_1_335' title='bbox 2150 3298 2332 3335; x_wconf 86' lang='lat' dir='ltr'>versus</span> <span class='ocrx_word' id='word_1_336' title='bbox 2384 3290 2659 3335; x_wconf 87' lang='lat' dir='ltr'>exstructa</span> <span class='ocrx_word' id='word_1_337' title='bbox 2696 3282 3023 3350; x_wconf 89' lang='lat' dir='ltr'>respondent</span> 
     </span>
     <span class='ocr_line' id='line_1_32' title="bbox 570 3369 3022 3440; baseline 0.002 -20"><span class='ocrx_word' id='word_1_338' title='bbox 570 3370 658 3434; x_wconf 88' lang='lat' dir='ltr'>(de</span> <span class='ocrx_word' id='word_1_339' title='bbox 712 3371 903 3436; x_wconf 87' lang='lat' dir='ltr'>quibus</span> <span class='ocrx_word' id='word_1_340' title='bbox 951 3369 1018 3423; x_wconf 88' lang='lat' dir='ltr'>cf.</span> <span class='ocrx_word' id='word_1_341' title='bbox 1048 3370 1273 3423; x_wconf 88' lang='lat' dir='ltr'>Richter</span> <span class='ocrx_word' id='word_1_342' title='bbox 1308 3370 1491 3439; x_wconf 77' lang='lat' dir='ltr'>Top.²,</span> <span class='ocrx_word' id='word_1_343' title='bbox 1517 3388 1602 3438; x_wconf 87' lang='lat' dir='ltr'>pg.</span> <span class='ocrx_word' id='word_1_344' title='bbox 1633 3371 1763 3439; x_wconf 88' lang='grc'>120,</span> <span class='ocrx_word' id='word_1_345' title='bbox 1812 3371 2021 3425; x_wconf 86' lang='lat' dir='ltr'>Jordan</span> <span class='ocrx_word' id='word_1_346' title='bbox 2061 3372 2438 3439; x_wconf 89' lang='lat' dir='ltr'>Topographie</span> <span class='ocrx_word' id='word_1_347' title='bbox 2477 3371 2574 3424; x_wconf 90' lang='lat' dir='ltr'>der</span> <span class='ocrx_word' id='word_1_348' title='bbox 2611 3371 2770 3424; x_wconf 90' lang='lat' dir='ltr'>Stadt</span> <span class='ocrx_word' id='word_1_349' title='bbox 2806 3371 2943 3424; x_wconf 89' lang='lat' dir='ltr'>Rom</span> <span class='ocrx_word' id='word_1_350' title='bbox 2979 3373 3022 3440; x_wconf 96' lang='grc' dir='ltr'>Ι,</span> 
     </span>
     <span class='ocr_line' id='line_1_33' title="bbox 568 3459 3024 3528; baseline 0.002 -18"><span class='ocrx_word' id='word_1_351' title='bbox 568 3459 598 3510; x_wconf 93' lang='grc'>2</span> <span class='ocrx_word' id='word_1_352' title='bbox 640 3475 725 3526; x_wconf 90' lang='lat' dir='ltr'>pg.</span> <span class='ocrx_word' id='word_1_353' title='bbox 748 3461 817 3512; x_wconf 84' lang='lat'>44</span> <span class='ocrx_word' id='word_1_354' title='bbox 858 3460 928 3526; x_wconf 93' lang='lat' dir='ltr'>II,</span> <span class='ocrx_word' id='word_1_355' title='bbox 953 3461 1058 3514; x_wconf 87' lang='grc'>517</span> <span class='ocrx_word' id='word_1_356' title='bbox 1075 3476 1186 3527; x_wconf 88' lang='lat' dir='ltr'>sqq.</span> <span class='ocrx_word' id='word_1_357' title='bbox 1215 3459 1334 3513; x_wconf 88' lang='lat' dir='ltr'>Val.</span> <span class='ocrx_word' id='word_1_358' title='bbox 1356 3460 1502 3513; x_wconf 84' lang='lat' dir='ltr'>Max.</span> <span class='ocrx_word' id='word_1_359' title='bbox 1527 3461 1619 3528; x_wconf 92' lang='lat' dir='ltr'>VI,</span> <span class='ocrx_word' id='word_1_360' title='bbox 1645 3461 1695 3527; x_wconf 88' lang='lat'>9,</span> <span class='ocrx_word' id='word_1_361' title='bbox 1723 3461 1807 3513; x_wconf 89' lang='lat'>14:</span> <span class='ocrx_word' id='word_1_362' title='bbox 1836 3462 1925 3528; x_wconf 91' lang='lat' dir='ltr'>qui</span> <span class='ocrx_word' id='word_1_363' title='bbox 1953 3462 2151 3528; x_wconf 90' lang='lat' dir='ltr'>plurali</span> <span class='ocrx_word' id='word_1_364' title='bbox 2190 3477 2412 3513; x_wconf 91' lang='lat' dir='ltr'>numero</span> <span class='ocrx_word' id='word_1_365' title='bbox 2451 3460 2517 3513; x_wconf 88' lang='lat' dir='ltr'>de</span> <span class='ocrx_word' id='word_1_366' title='bbox 2555 3462 2770 3527; x_wconf 87' lang='lat' dir='ltr'>tropaeis</span> <span class='ocrx_word' id='word_1_367' title='bbox 2819 3463 3024 3514; x_wconf 88' lang='lat' dir='ltr'>locutus</span> 
     </span>
     <span class='ocr_line' id='line_1_34' title="bbox 563 3548 3024 3617; baseline 0.001 -18"><span class='ocrx_word' id='word_1_368' title='bbox 563 3550 706 3600; x_wconf 88' lang='lat' dir='ltr'>inter</span> <span class='ocrx_word' id='word_1_369' title='bbox 757 3548 884 3600; x_wconf 90' lang='lat' dir='ltr'>belli</span> <span class='ocrx_word' id='word_1_370' title='bbox 935 3549 1252 3612; x_wconf 77' lang='lat' dir='ltr'>Jugurthini</span> <span class='ocrx_word' id='word_1_371' title='bbox 1298 3556 1351 3601; x_wconf 88' lang='lat' dir='ltr'>et</span> <span class='ocrx_word' id='word_1_372' title='bbox 1389 3550 1640 3603; x_wconf 89' lang='lat' dir='ltr'>Cimbrici</span> <span class='ocrx_word' id='word_1_373' title='bbox 1679 3566 1855 3617; x_wconf 87' lang='lat' dir='ltr'>neque</span> <span class='ocrx_word' id='word_1_374' title='bbox 1891 3551 2034 3602; x_wconf 88' lang='lat' dir='ltr'>inter</span> <span class='ocrx_word' id='word_1_375' title='bbox 2071 3552 2205 3616; x_wconf 88' lang='lat' dir='ltr'>loca,</span> <span class='ocrx_word' id='word_1_376' title='bbox 2241 3550 2332 3602; x_wconf 91' lang='lat' dir='ltr'>ubi</span> <span class='ocrx_word' id='word_1_377' title='bbox 2373 3549 2590 3602; x_wconf 84' lang='lat' dir='ltr'>condita</span> <span class='ocrx_word' id='word_1_378' title='bbox 2627 3557 2802 3617; x_wconf 85' lang='lat' dir='ltr'>erant,</span> <span class='ocrx_word' id='word_1_379' title='bbox 2840 3549 3024 3602; x_wconf 88' lang='lat' dir='ltr'>distin-</span> 
     </span>
     <span class='ocr_line' id='line_1_35' title="bbox 565 3636 3025 3706; baseline 0.001 -18"><span class='ocrx_word' id='word_1_380' title='bbox 565 3652 727 3702; x_wconf 85' lang='lat' dir='ltr'>guere</span> <span class='ocrx_word' id='word_1_381' title='bbox 766 3636 1034 3704; x_wconf 79' lang='lat' dir='ltr'>videtur).</span> <span class='ocrx_word' id='word_1_382' title='bbox 1106 3638 1187 3690; x_wconf 90' lang='lat' dir='ltr'>De</span> <span class='ocrx_word' id='word_1_383' title='bbox 1227 3640 1426 3704; x_wconf 88' lang='lat' dir='ltr'>templo</span> <span class='ocrx_word' id='word_1_384' title='bbox 1464 3639 1694 3692; x_wconf 87' lang='lat' dir='ltr'>Honoris</span> <span class='ocrx_word' id='word_1_385' title='bbox 1733 3646 1789 3691; x_wconf 86' lang='lat' dir='ltr'>et</span> <span class='ocrx_word' id='word_1_386' title='bbox 1826 3638 2070 3703; x_wconf 88' lang='lat' dir='ltr'>Virtutis,</span> <span class='ocrx_word' id='word_1_387' title='bbox 2111 3639 2255 3706; x_wconf 88' lang='lat' dir='ltr'>quod</span> <span class='ocrx_word' id='word_1_388' title='bbox 2293 3639 2499 3691; x_wconf 90' lang='lat' dir='ltr'>Marius</span> <span class='ocrx_word' id='word_1_389' title='bbox 2537 3641 2682 3692; x_wconf 85' lang='lat' dir='ltr'>vovit</span> <span class='ocrx_word' id='word_1_390' title='bbox 2722 3639 2800 3702; x_wconf 91' lang='lat' dir='ltr'>(C.</span> <span class='ocrx_word' id='word_1_391' title='bbox 2824 3640 2863 3691; x_wconf 93' lang='lat' dir='ltr'>I.</span> <span class='ocrx_word' id='word_1_392' title='bbox 2884 3640 2942 3691; x_wconf 92' lang='lat' dir='ltr'>L.</span> <span class='ocrx_word' id='word_1_393' title='bbox 2965 3638 3025 3691; x_wconf 81' lang='lat'>1²</span> 
     </span>
     <span class='ocr_line' id='line_1_36' title="bbox 563 3726 3020 3795; baseline 0 -17"><span class='ocrx_word' id='word_1_394' title='bbox 563 3741 651 3793; x_wconf 88' lang='lat' dir='ltr'>pg.</span> <span class='ocrx_word' id='word_1_395' title='bbox 677 3726 780 3779; x_wconf 83' lang='lat'>195</span> <span class='ocrx_word' id='word_1_396' title='bbox 818 3726 902 3778; x_wconf 90' lang='lat' dir='ltr'>El.</span> <span class='ocrx_word' id='word_1_397' title='bbox 938 3726 1110 3779; x_wconf 89' lang='lat' dir='ltr'>XVII.</span> <span class='ocrx_word' id='word_1_398' title='bbox 1153 3727 1336 3780; x_wconf 90' lang='lat' dir='ltr'>XVIII</span> <span class='ocrx_word' id='word_1_399' title='bbox 1384 3728 1491 3780; x_wconf 89' lang='lat' dir='ltr'>Cic.</span> <span class='ocrx_word' id='word_1_400' title='bbox 1520 3744 1618 3794; x_wconf 88' lang='lat' dir='ltr'>pro</span> <span class='ocrx_word' id='word_1_401' title='bbox 1657 3727 1830 3781; x_wconf 86' lang='lat' dir='ltr'>Sestio</span> <span class='ocrx_word' id='word_1_402' title='bbox 1867 3728 1996 3795; x_wconf 82' lang='lat'>1163</span> <span class='ocrx_word' id='word_1_403' title='bbox 2035 3728 2102 3781; x_wconf 91' lang='lat' dir='ltr'>de</span> <span class='ocrx_word' id='word_1_404' title='bbox 2142 3728 2245 3780; x_wconf 83' lang='lat' dir='ltr'>div.</span> <span class='ocrx_word' id='word_1_405' title='bbox 2274 3728 2317 3795; x_wconf 93' lang='lat' dir='ltr'>I,</span> <span class='ocrx_word' id='word_1_406' title='bbox 2355 3729 2452 3795; x_wconf 81' lang='lat'>593</span> <span class='ocrx_word' id='word_1_407' title='bbox 2511 3727 2774 3781; x_wconf 85' lang='lat' dir='ltr'>Wissowa</span> <span class='ocrx_word' id='word_1_408' title='bbox 2812 3727 2929 3780; x_wconf 89' lang='lat' dir='ltr'>Rel.</span> <span class='ocrx_word' id='word_1_409' title='bbox 2971 3746 3020 3780; x_wconf 94' lang='lat' dir='ltr'>u.</span> 
     </span>
     <span class='ocr_line' id='line_1_37' title="bbox 562 3813 3023 3883; baseline 0.001 -17"><span class='ocrx_word' id='word_1_410' title='bbox 562 3813 762 3866; x_wconf 90' lang='lat' dir='ltr'>Kultus</span> <span class='ocrx_word' id='word_1_411' title='bbox 800 3814 850 3867; x_wconf 90' lang='lat' dir='ltr'>d.</span> <span class='ocrx_word' id='word_1_412' title='bbox 878 3814 1081 3868; x_wconf 77' lang='lat' dir='ltr'>Romer</span> <span class='ocrx_word' id='word_1_413' title='bbox 1119 3832 1204 3882; x_wconf 87' lang='lat' dir='ltr'>pg.</span> <span class='ocrx_word' id='word_1_414' title='bbox 1228 3816 1330 3870; x_wconf 88' lang='grc'>136</span> <span class='ocrx_word' id='word_1_415' title='bbox 1368 3816 1511 3868; x_wconf 90' lang='lat' dir='ltr'>Adn.</span> <span class='ocrx_word' id='word_1_416' title='bbox 1534 3817 1606 3883; x_wconf 90' lang='grc'>2),</span> <span class='ocrx_word' id='word_1_417' title='bbox 1646 3816 1781 3868; x_wconf 91' lang='lat' dir='ltr'>nihil</span> <span class='ocrx_word' id='word_1_418' title='bbox 1823 3823 2091 3883; x_wconf 77' lang='lat' dir='ltr'>praeterea</span> <span class='ocrx_word' id='word_1_419' title='bbox 2129 3822 2361 3869; x_wconf 88' lang='lat' dir='ltr'>constat:</span> <span class='ocrx_word' id='word_1_420' title='bbox 2402 3823 2548 3868; x_wconf 88' lang='lat' dir='ltr'>certe</span> <span class='ocrx_word' id='word_1_421' title='bbox 2587 3832 2712 3869; x_wconf 86' lang='lat' dir='ltr'>vero</span> <span class='ocrx_word' id='word_1_422' title='bbox 2751 3832 2870 3869; x_wconf 90' lang='lat' dir='ltr'>cum</span> <span class='ocrx_word' id='word_1_423' title='bbox 2909 3818 3023 3868; x_wconf 87' lang='lat' dir='ltr'>eius</span> 
     </span>
     <span class='ocr_line' id='line_1_38' title="bbox 569 3902 3020 3973; baseline 0.002 -19"><span class='ocrx_word' id='word_1_424' title='bbox 569 3902 655 3955; x_wconf 89' lang='lat' dir='ltr'>die</span> <span class='ocrx_word' id='word_1_425' title='bbox 694 3903 850 3971; x_wconf 82' lang='lat' dir='ltr'>festo,</span> <span class='ocrx_word' id='word_1_426' title='bbox 888 3905 980 3971; x_wconf 90' lang='lat' dir='ltr'>qui</span> <span class='ocrx_word' id='word_1_427' title='bbox 1019 3903 1162 3956; x_wconf 88' lang='lat' dir='ltr'>idem</span> <span class='ocrx_word' id='word_1_428' title='bbox 1200 3904 1479 3957; x_wconf 85' lang='lat' dir='ltr'>Castorum</span> <span class='ocrx_word' id='word_1_429' title='bbox 1507 3913 1643 3973; x_wconf 90' lang='lat' dir='ltr'>erat,</span> <span class='ocrx_word' id='word_1_430' title='bbox 1668 3903 1762 3971; x_wconf 85' lang='lat' dir='ltr'>(cf.</span> <span class='ocrx_word' id='word_1_431' title='bbox 1786 3905 1843 3958; x_wconf 92' lang='lat' dir='ltr'>C.</span> <span class='ocrx_word' id='word_1_432' title='bbox 1865 3906 1905 3956; x_wconf 94' lang='grc' dir='ltr'>Ι.</span> <span class='ocrx_word' id='word_1_433' title='bbox 1927 3905 1984 3957; x_wconf 92' lang='lat' dir='ltr'>L.</span> <span class='ocrx_word' id='word_1_434' title='bbox 2007 3904 2083 3973; x_wconf 78' lang='lat'>1²,</span> <span class='ocrx_word' id='word_1_435' title='bbox 2111 3921 2196 3972; x_wconf 89' lang='lat' dir='ltr'>pg.</span> <span class='ocrx_word' id='word_1_436' title='bbox 2220 3906 2325 3959; x_wconf 87' lang='grc'>308</span> <span class='ocrx_word' id='word_1_437' title='bbox 2363 3905 2433 3956; x_wconf 86' lang='lat' dir='ltr'>ad</span> <span class='ocrx_word' id='word_1_438' title='bbox 2459 3921 2505 3957; x_wconf 89' lang='lat' dir='ltr'>a.</span> <span class='ocrx_word' id='word_1_439' title='bbox 2536 3905 2585 3956; x_wconf 91' lang='lat' dir='ltr'>d.</span> <span class='ocrx_word' id='word_1_440' title='bbox 2608 3904 2683 3957; x_wconf 95' lang='lat' dir='ltr'>VI</span> <span class='ocrx_word' id='word_1_441' title='bbox 2707 3905 2830 3958; x_wconf 88' lang='lat' dir='ltr'>Kal.</span> <span class='ocrx_word' id='word_1_442' title='bbox 2858 3905 3020 3958; x_wconf 85' lang='lat' dir='ltr'>Febr.</span> 
     </span>
     <span class='ocr_line' id='line_1_39' title="bbox 565 3981 3024 4062; baseline 0.002 -19"><span class='ocrx_word' id='word_1_443' title='bbox 565 4007 651 4058; x_wconf 87' lang='lat' dir='ltr'>pg.</span> <span class='ocrx_word' id='word_1_444' title='bbox 679 3981 802 4060; x_wconf 89' lang='grc'>319,</span> <span class='ocrx_word' id='word_1_445' title='bbox 839 3993 1105 4046; x_wconf 86' lang='lat' dir='ltr'>Wissowa</span> <span class='ocrx_word' id='word_1_446' title='bbox 1143 3995 1176 4046; x_wconf 92' lang='lat' dir='ltr'>l.</span> <span class='ocrx_word' id='word_1_447' title='bbox 1205 3996 1238 4045; x_wconf 90' lang='lat' dir='ltr'>l.</span> <span class='ocrx_word' id='word_1_448' title='bbox 1279 4010 1365 4060; x_wconf 87' lang='lat' dir='ltr'>pg.</span> <span class='ocrx_word' id='word_1_449' title='bbox 1395 3994 1512 4047; x_wconf 89' lang='lat'>136.</span> <span class='ocrx_word' id='word_1_450' title='bbox 1541 3994 1663 4061; x_wconf 91' lang='grc'>216,</span> <span class='ocrx_word' id='word_1_451' title='bbox 1700 3994 1842 4046; x_wconf 90' lang='lat' dir='ltr'>Adn.</span> <span class='ocrx_word' id='word_1_452' title='bbox 1873 3997 1931 4062; x_wconf 79' lang='grc'>7,</span> <span class='ocrx_word' id='word_1_453' title='bbox 1971 3996 2237 4061; x_wconf 87' lang='lat' dir='ltr'>agebatur</span> <span class='ocrx_word' id='word_1_454' title='bbox 2274 4003 2455 4047; x_wconf 88' lang='lat' dir='ltr'>autem</span> <span class='ocrx_word' id='word_1_455' title='bbox 2502 3995 2686 4047; x_wconf 90' lang='lat' dir='ltr'>Idibus</span> <span class='ocrx_word' id='word_1_456' title='bbox 2732 3995 2912 4060; x_wconf 87' lang='lat' dir='ltr'>Juliis)</span> <span class='ocrx_word' id='word_1_457' title='bbox 2960 4011 3024 4048; x_wconf 89' lang='lat' dir='ltr'>ea</span> 
     </span>
     <span class='ocr_line' id='line_1_40' title="bbox 567 4081 3022 4151; baseline 0.001 -19"><span class='ocrx_word' id='word_1_458' title='bbox 567 4081 860 4149; x_wconf 85' lang='lat' dir='ltr'>cohaerent,</span> <span class='ocrx_word' id='word_1_459' title='bbox 899 4098 1019 4149; x_wconf 82' lang='lat' dir='ltr'>quae</span> <span class='ocrx_word' id='word_1_460' title='bbox 1047 4083 1190 4148; x_wconf 86' lang='lat' dir='ltr'>apud</span> <span class='ocrx_word' id='word_1_461' title='bbox 1218 4083 1443 4135; x_wconf 89' lang='lat' dir='ltr'>Florum</span> <span class='ocrx_word' id='word_1_462' title='bbox 1469 4083 1512 4148; x_wconf 93' lang='lat' dir='ltr'>I,</span> <span class='ocrx_word' id='word_1_463' title='bbox 1537 4083 1623 4147; x_wconf 88' lang='lat'>38,</span> <span class='ocrx_word' id='word_1_464' title='bbox 1652 4082 1717 4135; x_wconf 89' lang='lat'>19</span> <span class='ocrx_word' id='word_1_465' title='bbox 1739 4099 1814 4149; x_wconf 90' lang='lat' dir='ltr'>sq.</span> <span class='ocrx_word' id='word_1_466' title='bbox 1844 4084 1963 4150; x_wconf 94' lang='lat' dir='ltr'>(III,</span> <span class='ocrx_word' id='word_1_467' title='bbox 1990 4085 2044 4150; x_wconf 89' lang='lat'>3)</span> <span class='ocrx_word' id='word_1_468' title='bbox 2085 4091 2138 4136; x_wconf 91' lang='lat' dir='ltr'>et</span> <span class='ocrx_word' id='word_1_469' title='bbox 2169 4085 2403 4136; x_wconf 83' lang='lat' dir='ltr'>Plinium</span> <span class='ocrx_word' id='word_1_470' title='bbox 2442 4084 2529 4150; x_wconf 92' lang='lat' dir='ltr'>(N.</span> <span class='ocrx_word' id='word_1_471' title='bbox 2559 4085 2623 4135; x_wconf 93' lang='lat' dir='ltr'>H.</span> <span class='ocrx_word' id='word_1_472' title='bbox 2656 4083 2772 4151; x_wconf 96' lang='lat' dir='ltr'>VII,</span> <span class='ocrx_word' id='word_1_473' title='bbox 2797 4084 2866 4137; x_wconf 89' lang='lat'>86</span> <span class='ocrx_word' id='word_1_474' title='bbox 2906 4085 3022 4136; x_wconf 93' lang='lat' dir='ltr'>loco</span> 
     </span>
     <span class='ocr_line' id='line_1_41' title="bbox 565 4170 2291 4239; baseline 0.002 -19"><span class='ocrx_word' id='word_1_475' title='bbox 565 4172 779 4235; x_wconf 89' lang='lat' dir='ltr'>mutilo)</span> <span class='ocrx_word' id='word_1_476' title='bbox 817 4170 883 4222; x_wconf 90' lang='lat' dir='ltr'>de</span> <span class='ocrx_word' id='word_1_477' title='bbox 923 4172 1143 4224; x_wconf 88' lang='lat' dir='ltr'>Castore</span> <span class='ocrx_word' id='word_1_478' title='bbox 1186 4179 1237 4223; x_wconf 88' lang='lat' dir='ltr'>et</span> <span class='ocrx_word' id='word_1_479' title='bbox 1273 4172 1493 4224; x_wconf 90' lang='lat' dir='ltr'>Polluce</span> <span class='ocrx_word' id='word_1_480' title='bbox 1531 4173 1770 4224; x_wconf 80' lang='lat' dir='ltr'>victoriae</span> <span class='ocrx_word' id='word_1_481' title='bbox 1811 4173 2013 4224; x_wconf 83' lang='lat' dir='ltr'>nuntiis</span> <span class='ocrx_word' id='word_1_482' title='bbox 2051 4175 2291 4239; x_wconf 88' lang='lat' dir='ltr'>legimus.</span> 
     </span>
    </p>

    <p class='ocr_par' dir='ltr' id='par_1_6' title="bbox 564 4258 3025 4505">
     <span class='ocr_line' id='line_1_42' title="bbox 782 4258 3021 4328; baseline 0.002 -18"><span class='ocrx_word' id='word_1_483' title='bbox 782 4259 824 4326; x_wconf 75' lang='lat'>²)</span> <span class='ocrx_word' id='word_1_484' title='bbox 864 4259 1196 4312; x_wconf 88' lang='lat' dir='ltr'>Testimonia</span> <span class='ocrx_word' id='word_1_485' title='bbox 1246 4258 1314 4312; x_wconf 86' lang='lat' dir='ltr'>cf.</span> <span class='ocrx_word' id='word_1_486' title='bbox 1344 4260 1400 4313; x_wconf 93' lang='lat' dir='ltr'>C.</span> <span class='ocrx_word' id='word_1_487' title='bbox 1425 4261 1464 4313; x_wconf 88' lang='grc' dir='ltr'>Ι.</span> <span class='ocrx_word' id='word_1_488' title='bbox 1486 4260 1547 4312; x_wconf 91' lang='lat' dir='ltr'>L.</span> <span class='ocrx_word' id='word_1_489' title='bbox 1588 4259 1662 4327; x_wconf 83' lang='lat'>1²,</span> <span class='ocrx_word' id='word_1_490' title='bbox 1714 4262 1934 4327; x_wconf 81' lang='lat' dir='ltr'>pg.195</span> <span class='ocrx_word' id='word_1_491' title='bbox 1974 4261 2057 4314; x_wconf 89' lang='lat' dir='ltr'>El.</span> <span class='ocrx_word' id='word_1_492' title='bbox 2079 4261 2249 4314; x_wconf 91' lang='lat' dir='ltr'>XVII.</span> <span class='ocrx_word' id='word_1_493' title='bbox 2290 4261 2472 4314; x_wconf 93' lang='lat' dir='ltr'>XVIII</span> <span class='ocrx_word' id='word_1_494' title='bbox 2511 4277 2596 4328; x_wconf 89' lang='lat' dir='ltr'>pg.</span> <span class='ocrx_word' id='word_1_495' title='bbox 2628 4263 2745 4315; x_wconf 93' lang='grc'>177.</span> <span class='ocrx_word' id='word_1_496' title='bbox 2785 4261 2904 4314; x_wconf 88' lang='lat' dir='ltr'>Per.</span> <span class='ocrx_word' id='word_1_497' title='bbox 2928 4263 3021 4328; x_wconf 80' lang='grc'>68,</span> 
     </span>
     <span class='ocr_line' id='line_1_43' title="bbox 567 4348 3022 4418; baseline 0.001 -19"><span class='ocrx_word' id='word_1_498' title='bbox 567 4348 707 4400; x_wconf 91' lang='lat' dir='ltr'>Plut.</span> <span class='ocrx_word' id='word_1_499' title='bbox 737 4348 875 4402; x_wconf 83' lang='lat' dir='ltr'>Mar.</span> <span class='ocrx_word' id='word_1_500' title='bbox 904 4349 987 4402; x_wconf 87' lang='grc'>27.</span> <span class='ocrx_word' id='word_1_501' title='bbox 1027 4350 1111 4401; x_wconf 93' lang='grc'>44.</span> <span class='ocrx_word' id='word_1_502' title='bbox 1187 4349 1306 4401; x_wconf 88' lang='lat' dir='ltr'>Val.</span> <span class='ocrx_word' id='word_1_503' title='bbox 1334 4349 1481 4401; x_wconf 86' lang='lat' dir='ltr'>Max.</span> <span class='ocrx_word' id='word_1_504' title='bbox 1509 4350 1604 4416; x_wconf 92' lang='lat'>111,</span> <span class='ocrx_word' id='word_1_505' title='bbox 1633 4351 1684 4417; x_wconf 90' lang='lat'>6,</span> <span class='ocrx_word' id='word_1_506' title='bbox 1710 4351 1774 4415; x_wconf 85' lang='grc'>6,</span> <span class='ocrx_word' id='word_1_507' title='bbox 1827 4349 1919 4416; x_wconf 94' lang='lat' dir='ltr'>VI,</span> <span class='ocrx_word' id='word_1_508' title='bbox 1947 4351 1997 4417; x_wconf 88' lang='lat'>9,</span> <span class='ocrx_word' id='word_1_509' title='bbox 2024 4351 2123 4416; x_wconf 92' lang='grc'>14,</span> <span class='ocrx_word' id='word_1_510' title='bbox 2175 4350 2321 4417; x_wconf 95' lang='lat' dir='ltr'>VIII,</span> <span class='ocrx_word' id='word_1_511' title='bbox 2351 4351 2437 4418; x_wconf 87' lang='lat'>15,</span> <span class='ocrx_word' id='word_1_512' title='bbox 2463 4352 2494 4405; x_wconf 92' lang='grc'>7</span> <span class='ocrx_word' id='word_1_513' title='bbox 2511 4369 2523 4417; x_wconf 87' lang='grc'>;</span> <span class='ocrx_word' id='word_1_514' title='bbox 2574 4351 2670 4417; x_wconf 90' lang='grc' dir='ltr'>ΙΧ,</span> <span class='ocrx_word' id='word_1_515' title='bbox 2698 4350 2782 4416; x_wconf 86' lang='grc'>12,</span> <span class='ocrx_word' id='word_1_516' title='bbox 2807 4352 2840 4403; x_wconf 91' lang='grc'>4</span> <span class='ocrx_word' id='word_1_517' title='bbox 2880 4357 3022 4402; x_wconf 88' lang='lat' dir='ltr'>auct.</span> 
     </span>
     <span class='ocr_line' id='line_1_44' title="bbox 564 4437 3025 4505; baseline 0 -17"><span class='ocrx_word' id='word_1_518' title='bbox 564 4437 633 4489; x_wconf 91' lang='lat' dir='ltr'>de</span> <span class='ocrx_word' id='word_1_519' title='bbox 672 4439 769 4489; x_wconf 85' lang='lat' dir='ltr'>vir.</span> <span class='ocrx_word' id='word_1_520' title='bbox 792 4439 867 4489; x_wconf 90' lang='lat' dir='ltr'>ill.</span> <span class='ocrx_word' id='word_1_521' title='bbox 897 4438 984 4505; x_wconf 84' lang='lat'>67,</span> <span class='ocrx_word' id='word_1_522' title='bbox 1012 4438 1071 4505; x_wconf 88' lang='grc'>2,</span> <span class='ocrx_word' id='word_1_523' title='bbox 1098 4437 1243 4490; x_wconf 77' lang='lat' dir='ltr'>Oros</span> <span class='ocrx_word' id='word_1_524' title='bbox 1268 4437 1333 4505; x_wconf 89' lang='lat' dir='ltr'>V,</span> <span class='ocrx_word' id='word_1_525' title='bbox 1364 4439 1447 4505; x_wconf 91' lang='lat'>16,</span> <span class='ocrx_word' id='word_1_526' title='bbox 1468 4438 1535 4490; x_wconf 86' lang='grc'>22</span> <span class='ocrx_word' id='word_1_527' title='bbox 1561 4439 1704 4491; x_wconf 91' lang='lat' dir='ltr'>Plut.</span> <span class='ocrx_word' id='word_1_528' title='bbox 1727 4439 1861 4491; x_wconf 82' lang='lat' dir='ltr'>Caes,</span> <span class='ocrx_word' id='word_1_529' title='bbox 1892 4441 1950 4505; x_wconf 87' lang='lat'>6;</span> <span class='ocrx_word' id='word_1_530' title='bbox 1989 4439 2056 4491; x_wconf 91' lang='lat' dir='ltr'>de</span> <span class='ocrx_word' id='word_1_531' title='bbox 2083 4437 2209 4492; x_wconf 84' lang='lat' dir='ltr'>fort.</span> <span class='ocrx_word' id='word_1_532' title='bbox 2238 4439 2403 4492; x_wconf 80' lang='lat' dir='ltr'>Rom·</span> <span class='ocrx_word' id='word_1_533' title='bbox 2421 4441 2474 4504; x_wconf 89' lang='lat'>4,</span> <span class='ocrx_word' id='word_1_534' title='bbox 2501 4455 2586 4505; x_wconf 85' lang='lat' dir='ltr'>pg.</span> <span class='ocrx_word' id='word_1_535' title='bbox 2609 4439 2714 4492; x_wconf 89' lang='lat'>318</span> <span class='ocrx_word' id='word_1_536' title='bbox 2740 4438 2794 4491; x_wconf 91' lang='lat' dir='ltr'>C.</span> <span class='ocrx_word' id='word_1_537' title='bbox 2820 4439 3025 4491; x_wconf 90' lang='lat' dir='ltr'>Diodor</span> 
     </span>
    </p>
   </div>
  </div>
 </body>
</html>
