3485 5069
1561 321 1918 373 —78-

514 499 600 564 ab
663 502 933 564 auctore
991 495 1217 561 afferri
1273 495 1512 579 arguit.
1608 495 1881 561 Colonia
1933 495 2237 561 Mariana
2289 496 2491 579 igitur
2544 499 2667 561 aut
2719 518 2779 562 a.
2843 496 2969 562 103

515 613 803 679 deducta
850 615 973 678 aut
1042 611 1309 676 omnino
1357 632 1493 676 non
1540 633 1583 676 a
1629 610 1990 676 Saturnino
2037 614 2275 695 rogata
2320 614 2442 677 est.
2525 611 2814 677 Nomina
2861 633 2968 677 co·

512 728 843 795 loniarum
892 725 1426 792 deducendarum
1472 726 1668 812 plane
1716 726 2120 809 ignoramuS,
2183 747 2332 790 cum
2381 729 2450 791 et
2494 726 2821 813 Appuleia
2880 731 2966 810 et,

514 866 662 929 quae
711 865 861 909 eam
906 843 1150 929 partim
1197 843 1629 925 retractabat,
1678 842 1873 907 Livia
1919 841 2046 924 lex,
2095 845 2331 928 postea
2378 842 2647 908 abolitae
2694 844 2848 909 sint.

726 961 983 1023 Aurum
1017 962 1265 1042 autem,
1301 957 1476 1043 quod
1510 957 1876 1024 secundum
1909 960 2084 1023 auct.
2114 957 2193 1022 de
2225 958 2346 1023 vir.
2373 957 2462 1023 ill.
2495 959 2576 1022 73
2603 957 2690 1023 ad
2722 959 2970 1024 consti-

514 1074 802 1140 tuendas
851 1074 1144 1140 colonias
1200 1073 1460 1161 publice
1518 1095 1907 1140 concessum
1954 1076 2077 1157 est,
2134 1094 2289 1155 non,
2339 1078 2417 1139 ut
2462 1072 2640 1160 apud
2687 1073 2972 1139 eundem

514 1189 814 1274 legimus,
865 1189 952 1255 ad
999 1189 1480 1276 emptionem
1528 1210 1889 1273 agrorum
1937 1188 2341 1254 Saturninus
2390 1188 2726 1255 adhibuit:

587 1326 643 1390 1.
694 1324 988 1389 Primum
1036 1324 1214 1389 enim
1260 1323 1355 1389 ad
1403 1323 1843 1409 exemplum
1890 1323 2091 1406 legis
2138 1322 2612 1409 Semproniae
2661 1322 2748 1388 de
2795 1324 2970 1389 the-

696 1460 930 1504 sauro
979 1439 1490 1523 Pergameno,
1541 1460 1676 1524 qua
1724 1438 1973 1504 colonis
2022 1437 2107 1504 ad
2140 1438 2570 1504 aedificandas
2602 1439 2820 1521 villae,
2868 1440 2972 1504 in-

696 1559 1073 1620 strumenta
1140 1554 1441 1637 emenda,
1504 1554 1658 1637 alia,
1719 1554 2003 1641 pecunia
2058 1553 2600 1633 distribuebatur,
2673 1555 2777 1642 (cf.
2826 1555 2970 1621 Liv.

695 1671 837 1736 Per.
865 1672 972 1753 58,
1008 1671 1296 1737 Plut.Ti.
1317 1669 1590 1736 Gracch.
1620 1690 1673 1735 c.
1706 1670 1818 1753 143
1864 1668 2288 1753 neglegenter
2320 1670 2681 1735 omnibus
2715 1670 2972 1736 civibus

697 1808 845 1851 eam
881 1786 1287 1873 impertitam
1319 1807 1465 1851 esse
1500 1784 1681 1850 Oros,
1700 1785 1782 1868 V,
1812 1787 1871 1867 8,
1898 1786 1971 1868 43
1997 1785 2166 1850 Flor.
2201 1786 2278 1869 II,
2307 1785 2500 1869 3(111,
2532 1784 2662 1872 15);
2697 1790 2856 1851 auct
2894 1785 2973 1851 de

696 1902 816 1967 vir.
844 1900 933 1966 ill.
972 1902 1055 1967 64
1105 1900 1354 1988 dicunt)
1411 1900 1661 1984 legem
1705 1900 2174 1986 Appuleiam
2222 1901 2753 1987 conscriptam
2801 1923 2973 1967 esse

697 2038 740 2081 a
787 2015 1224 2083 Saturnino
1272 2015 1612 2103 probabile
1661 2019 1784 2081 est.
1920 2075 1923 2078 ,

586 2132 646 2197 2.
698 2131 949 2197 Deinde
983 2135 1167 2197 ante
1216 2154 1276 2198 a.
1315 2133 1436 2216 63,
1473 2153 1601 2219 quo
1636 2153 1813 2197 anno
1849 2131 1928 2197 de
1960 2131 2102 2215 lege
2136 2132 2417 2197 Servilia
2449 2133 2628 2218 apud
2658 2134 2973 2221 populum

698 2249 1043 2332 agebatur,
1094 2251 1307 2334 agri,
1358 2252 1471 2336 qui
1518 2251 1770 2316 viritim
1830 2250 2333 2334 assignarentur
2379 2255 2501 2316 aut
2548 2250 2634 2315 ad
2682 2251 2973 2316 colonias

704 2363 1126 2431 deducendas
1175 2365 1644 2450 dividerentur,
1688 2388 1840 2431 non
1897 2366 2425 2451 emebantur1)
2476 2365 2692 2452 (aliter
2720 2366 2974 2431 Korne-

696 2502 902 2546 mann
935 2481 1390 2569 Pauly-Wiss.
1410 2482 1519 2566 IV,
1548 2483 1732 2572 563);
1757 2481 1954 2569 plane
1987 2502 2236 2548 novum
2270 2481 2446 2547 enim
2476 2485 2546 2548 et
2575 2482 2976 2549 inusitatum

700 2596 960 2662 emendi
1008 2598 1355 2663 consilium
1404 2599 1696 2664 Ciceroni
1741 2597 2009 2664 videtur
2063 2596 2165 2680 (de
2210 2596 2335 2681 leg.
2370 2620 2506 2682 agr.
2540 2599 2616 2681 H,
2668 2599 2972 2686 62-75).

588 2713 650 2778 3.
698 2713 897 2779 Porro
947 2713 1027 2779 de
1075 2736 1252 2798 agro,
1303 2716 1417 2800 qui
1464 2718 1622 2780 ante
1670 2737 1730 2780 a.
1768 2717 1853 2781 90
1901 2715 2376 2797 assignabatur
2423 2718 2492 2780 et
2535 2716 2606 2780 in
2637 2735 2766 2799 quo
2801 2714 2974 2780 colo-

700 2829 827 2894 niae
862 2829 1338 2914 condebantur,
1373 2834 1496 2896 aut
1527 2831 1794 2896 omnino
1827 2829 1995 2895 nihil
2027 2833 2312 2913 constat,
2358 2834 2501 2895 aut
2546 2829 2974 2895 manifesto

698 2945 850 3010 iam
900 2948 1141 3010 antea
1187 2946 1553 3032 publicus
1600 2945 1905 3011 fuerat:

701 3084 742 3126 a
735 3061 775 3145 )
831 3059 909 3125 de
958 3059 1100 3144 lege
1149 3063 1411 3144 agraria
1456 3062 1552 3127 Ti.
1589 3060 1868 3127 Gracchi
1901 3065 1970 3126 et
2001 3060 2080 3126 de
2112 3061 2254 3144 lege
2288 3061 2550 3144 agraria
2582 3061 2646 3127 C.
2676 3060 2974 3146 Gracchi,

826 3197 975 3261 quee
1020 3177 1300 3262 priorem
1346 3178 1737 3261 renovabat,
1788 3178 1996 3243 verba
2041 3177 2259 3243 facere
2307 3199 2441 3243 non
2490 3181 2766 3263 oportet.

701 3290 766 3374 b)
828 3312 985 3374 ager
1055 3290 1326 3357 coloniae
1397 3292 1819 3376 Carthaginis
1887 3293 2196 3358 Junoniae
2273 3293 2519 3379 publici
2595 3293 2757 3358 iuris
2834 3296 2980 3358 erat

830 3406 1282 3493 (Kornemann
1309 3408 1765 3496 Pauly-Wiss.
1789 3408 1899 3492 IV,
1929 3410 2079 3492 522,
2106 3411 2219 3491 293
2246 3410 2396 3491 532,
2429 3411 2580 3492 1173
2616 3408 2681 3473 C.
2708 3408 2755 3473 Ι.
2783 3407 2856 3473 L.
2890 3407 2975 3490 1²,

825 3544 930 3609 pg.
967 3525 1052 3589 96
1078 3545 1174 3609 sq.
1224 3554 1311 3581 =
1356 3524 1746 3608 Mommsen,
1799 3523 1949 3590 Ges,
1987 3523 2318 3589 Schriften
2351 3524 2397 3607 I,
2438 3527 2493 3607 1,
2525 3526 2682 3607 1193
2730 3526 2895 3609 App.
2930 3523 2977 3606 I,

827 3640 934 3723 24,
988 3640 1145 3722 103;
1196 3640 1318 3706 Cic.
1354 3640 1433 3705 de
1479 3640 1603 3724 leg.
1639 3663 1775 3723 agr.
1810 3640 1856 3724 I,
1893 3640 1964 3723 53
2011 3640 2087 3723 II,
2124 3641 2261 3727 51);
2311 3639 2390 3704 de
2438 3661 2594 3722 agro
2642 3639 2978 3725 Campano

827 3754 969 3819 sive
1041 3755 1356 3841 Capuano
1418 3755 1591 3820 idem
1652 3755 2077 3821 notissimum
2147 3758 2277 3838 est3
2347 3776 2503 3838 ager
2555 3755 2977 3838 Tarentinus,

831 3868 933 3955 (cf.
970 3869 1036 3935 C.
1063 3870 1110 3935 Ι.
1138 3870 1210 3936 L.
1245 3871 1354 3954 IX,
1404 3893 1508 3957 pg.
1544 3873 1656 3956 21)
1715 3872 1903 3937 cuius
1964 3871 2126 3936 iuris
2185 3870 2407 3953 fuerit,
2473 3871 2799 3936 incertum
2855 3873 2977 3936 est.

703 3985 766 4070 ο)
833 3984 912 4050 (16
946 3985 1270 4051 territorio
1302 3986 1708 4052 coloniarum
1741 3986 1997 4051 Scolaci
2044 3985 2202 4073 (C.I.
2220 3985 2293 4051 L.
2326 3985 2408 4069 X,
2442 4008 2545 4072 pg.
2579 3987 2687 4070 123
2726 3987 2979 4051 Korne-

829 4122 1036 4166 mann
1082 4102 1539 4189 Pauly-WiSS.
1573 4102 1683 4186 IV,
1720 4103 1871 4184 522,
1907 4102 2015 4190 29)
2065 4105 2133 4167 et
2177 4101 2509 4167 Narbonis
2559 4101 2713 4188 (C.I.
2733 4101 2805 4166 L.
2839 4101 2978 4184 XH,

828 4239 931 4303 pg.
971 4218 1122 4305 521)
1171 4218 1337 4283 nihil
1385 4221 1651 4284 constat
1697 4218 2148 4306 (Kornemann
2194 4216 2236 4283 1.
2271 4216 2314 4283 1.
2350 4218 2500 4300 522,
2529 4218 2657 4305 31).

745 4448 783 4516 ¹)
820 4449 1059 4501 Monum.
1088 4450 1286 4517 Ancyr.
1316 4465 1358 4501 c.
1388 4450 1455 4502 16
1494 4452 1723 4503 colonias
1762 4450 2019 4502 militares
2057 4448 2426 4501 tantummodo
2464 4455 2686 4514 spectat.
