3485 5069
1541 373 1607 382 —-
1686 344 1789 397 101
1867 374 1931 382 —·

720 524 954 586 Anno
1001 523 1127 588 102
1185 543 1488 587 censores
1537 521 1608 601 Q.
1652 520 1959 586 Metellus
1991 520 2381 586 Numidicus
2430 523 2499 586 et
2538 521 2604 587 C.
2657 521 2964 586 Metellus

510 637 870 724 Caprarius
921 641 1229 703 creantur
1276 638 1400 724 (pg.
1437 637 1564 724 55).
1648 637 1877 702 Mense
1924 635 2190 702 Octobri
2237 635 2531 701 eiusdem
2580 637 2759 713 anni,
2809 635 2967 700 dum

510 752 787 818 Catulus
857 753 926 817 in
993 746 1213 818 'Gallia
1284 753 1606 839 cisalpina
1675 752 1970 818 Cimbros
2041 755 2413 838 exspectat,
2469 752 2718 817 Marius
2789 751 2966 838 apud

508 871 739 954 Aquas
815 868 1081 934 Sextias
1159 869 1536 935 Teutonum
1607 868 1830 954 copias
1899 866 2123 933 fundit
2200 867 2324 954 (pg.
2359 869 2489 955 54).
2583 867 2965 933 Exeunte

509 1004 789 1049 mense
821 984 1181 1049 Novembri
1212 984 1462 1049 Marius
1494 984 1828 1067 nuntium,
1863 1005 1934 1049 se
1970 983 2309 1049 consulem
2342 1005 2487 1049 esse
2521 982 2963 1066 designatum,

511 1099 781 1185 accipit3
816 1099 1115 1182 Catulus,
1154 1100 1266 1184 qui
1300 1099 1714 1165 comitiorum
1746 1097 2204 1164 habendorum
2237 1121 2443 1164 causa
2465 1099 2694 1164 Romae
2728 1098 2964 1181 adfuit,

511 1213 596 1279 ad
643 1215 1006 1280 exercitum
1054 1215 1428 1280 revertitur.
1508 1215 1675 1279 Tum
1725 1213 1993 1279 demum
2041 1214 2302 1296 Cimbri,
2351 1217 2708 1300 postquam
2755 1213 2968 1299 prima

510 1330 665 1395 nive
712 1329 914 1416 Alpes
963 1334 1467 1416 superaverunt,
1531 1330 1885 1396 ineunte
1947 1329 2390 1395 Decembri
2450 1329 2520 1394 in
2566 1330 2966 1416 superiorem

510 1445 781 1511 Athesis
829 1445 1072 1510 vallem
1119 1445 1536 1532 perveniunt,
1589 1445 1849 1533 (pg.53)
1900 1448 1967 1510 et
2028 1444 2284 1510 initio
2334 1445 2534 1509 anni
2585 1447 2705 1510 101
2759 1466 2965 1530 oppu-

518 1562 744 1643 gnatis
803 1562 1146 1647 captisque
1209 1561 1478 1644 castriS,
1552 1583 1700 1646 quae
1766 1560 2043 1627 Catulus
2112 1564 2300 1626 trans
2369 1560 2674 1626 Athesim
2739 1559 2965 1641 habet,

511 1677 729 1762 ipsum
775 1676 1233 1762 proconsulem
1282 1698 1427 1742 sese
1473 1677 1757 1763 recipere
1807 1679 2052 1759 cogunt
2099 1675 2223 1762 (pg.
2260 1678 2387 1766 54).

724 1791 865 1871 Quo
913 1793 1149 1858 nuntio
1214 1791 1419 1858 allato
1476 1792 1726 1858 Marius
1772 1793 2056 1858 Romam
2103 1792 2543 1879 proficiscitur
2597 1796 2664 1858 et
2713 1792 2965 1873 statim,

513 1907 670 1992 quid
716 1907 1096 1973 faciendum
1144 1909 1250 1991 sit,
1303 1930 1450 1974 cum
1496 1909 1800 1994 patribus
1849 1909 2332 1974 communicato
2365 1907 2600 1974 Catulo
2644 1907 2967 1973 auxilium

511 2024 659 2089 fert.
752 2023 918 2088 Mari
988 2024 1191 2110 copiae
1263 2045 1296 2088 e
1369 2022 1589 2089 Gallia
1651 2023 2072 2110 transalpina
2133 2025 2468 2090 arcessitae
2538 2045 2686 2089 cum
2750 2021 2968 2088 Catuli

512 2139 803 2205 exercitu
851 2138 1220 2222 iunguntur
1285 2138 1533 2225 (mense
1581 2139 1789 2224 Aprili
1835 2142 1869 2204 ἱ)
1917 2161 2021 2226 pg.
2059 2141 2185 2227 54).
2280 2140 2455 2204 Dum
2502 2160 2583 2205 ea
2629 2142 2966 2222 geruntur,

511 2254 740 2327 Romae
785 2254 1117 2321 tumultus
1168 2257 1393 2337 oritur,
1458 2255 1616 2339 quia
1674 2255 1982 2321 Metellus
2028 2255 2418 2321 Numidicus
2468 2276 2698 2321 censor
2757 2255 2826 2319 in
2873 2253 2967 2319 le-

514 2369 725 2452 gendo
774 2375 1016 2435 senatu
1063 2371 1499 2437 Saturninum
1547 2374 1744 2436 notat
1804 2373 1872 2436 et
1913 2370 1984 2437 L.
2019 2370 2381 2455 Equitium,
2439 2371 2551 2455 qui
2601 2370 2966 2451 instigante

514 2484 834 2572 Appuleio
869 2485 964 2552 Ti.
1002 2484 1277 2553 Gracchi
1325 2485 1539 2552 filium
1589 2508 1660 2552 se
1708 2508 1855 2553 esse
1904 2486 2197 2571 simulat,
2247 2486 2316 2552 in
2366 2507 2636 2553 censum
2683 2485 2966 2572 recipere

514 2622 646 2666 non
679 2601 829 2667 vult
862 2600 985 2688 (pg.
1023 2603 1126 2668 55.
1166 2604 1292 2689 61).
1366 2602 1784 2687 Quamquam
1818 2603 1994 2668 enim
2026 2603 2414 2689 Sempronia
2446 2602 2768 2688 Scipionis
2802 2621 2968 2666 uxor

514 2716 600 2782 ad
648 2718 1107 2783 testimonium
1158 2717 1505 2783 dicendum
1539 2718 1861 2804 producta
1893 2718 2236 2804 Equitium
2281 2717 2666 2783 mendacem
2706 2716 2966 2803 publice

519 2832 836 2916 declarat,
884 2837 1114 2899 tamen
1163 2834 1566 2900 Saturninus
1615 2856 1767 2899 eum
1813 2855 1947 2900 non
1981 2834 2242 2916 deserit,
2294 2833 2410 2900 sed
2444 2837 2707 2899 armata
2739 2831 2964 2897 multi-

514 2948 744 3014 tudine
777 2949 1118 3015 Metellum
1164 2951 1232 3015 in
1266 2950 1587 3036 Capitolio
1636 2949 1927 3033 obsidet3
1977 2950 2090 3035 qui
2137 2949 2532 3015 absentibus
2582 2947 2966 3015 consulibus

516 3064 601 3129 ab
689 3065 1026 3149 equitibus
1096 3066 1417 3131 Romanis
1494 3065 1832 3131 liberatur.
1936 3068 2028 3132 At
2103 3088 2251 3131 cum
2329 3064 2585 3131 nobiles
2663 3063 2968 3129 Saturni-

513 3200 704 3260 num,
782 3180 895 3264 qui
956 3201 998 3245 a
1072 3180 1311 3263 legatis
1371 3182 1542 3264 regis
1603 3181 2011 3247 Mithridatis
2073 3185 2219 3247 tum
2264 3182 2494 3247 Romee
2549 3179 2967 3245 morantibus

514 3297 824 3359 senatum
874 3296 1198 3381 corrumpi
1246 3295 1605 3377 contendit,
1654 3318 1840 3361 reum
1888 3296 2206 3379 facerent,
2257 3295 2432 3381 quod
2463 3296 2568 3361 ius
2615 3294 2967 3377 legationis

514 3408 854 3493 violasset,
904 3410 1129 3497 populi
1177 3410 1398 3477 studio
1446 3412 1757 3477 tribunus
1806 3412 2179 3478 absolvitur
2226 3411 2348 3498 (pg.
2383 3414 2513 3501 56).
2562 3411 2878 3476 Lustrum
2927 3432 2969 3475 a

516 3525 897 3591 censoribus
946 3525 1267 3592 conditur.

728 3641 922 3727 Apud
953 3641 1293 3708 Vercallas
1326 3664 1386 3708 a.
1415 3641 1475 3708 d.
1511 3643 1597 3707 III
1628 3643 1777 3708 Kal.
1806 3643 1987 3709 Sext.
2045 3666 2087 3709 a
2117 3645 2324 3709 Mario
2358 3647 2426 3709 et
2458 3642 2692 3708 Catulo
2727 3642 2969 3708 Cimbri

517 3755 978 3841 devincuntur,
1028 3759 1215 3824 cuius
1262 3759 1557 3824 victoriae
1588 3759 1983 3845 praesagium
2018 3761 2086 3824 in
2119 3759 2292 3825 ludis
2325 3759 2434 3824 illo
2470 3759 2573 3824 die
2621 3759 2968 3825 celebratis

517 3872 854 3938 exstitisse
911 3873 1196 3939 creditur
1251 3873 1375 3961 (pg.
1416 3878 1522 3957 51,
1568 3877 1647 3962 1).
1722 3877 1898 3941 Ante
1952 3876 2360 3962 triumphum
2405 3876 2711 3941 habitum
2768 3875 2967 3941 alter-

518 3988 689 4053 catio
717 3988 889 4053 inter
912 3990 1342 4075 imperatores
1370 3990 1585 4056 denuo
1620 3990 2020 4056 exardescit:
2053 3992 2281 4076 itaque
2316 4013 2483 4074 cum,
2515 3994 2589 4056 ut
2621 3991 2721 4056 dis
2753 3990 2970 4073 gratia

515 4101 915 4186 redderetur,
979 4105 1228 4171 Marius
1296 4106 1616 4192 templum
1677 4106 1962 4172 Honoris
2032 4112 2101 4172 et
2144 4107 2426 4172 Virtutis
2468 4110 2670 4192 atque
2734 4128 2967 4171 monu-

516 4221 745 4283 menta
791 4222 1189 4305 tropaeorum
1236 4222 1305 4286 in
1339 4222 1658 4307 Capitolio
1693 4225 1988 4305 voveret,
2033 4222 2309 4288 Catulus
2346 4223 2415 4288 in
2448 4222 2708 4288 Palatio
2756 4227 2968 4308 temp-

516 4332 653 4397 lum
702 4334 1014 4399 Fortunae
1061 4335 1353 4402 Huiusce
1402 4337 1544 4402 Diei
1592 4339 1890 4403 restituit
1934 4339 2388 4424 porticumque
2435 4339 2503 4404 in
2551 4360 2708 4404 area
2752 4338 2970 4402 Flacci

518 4448 674 4515 olim
722 4448 971 4515 devota
1018 4452 1304 4517 exstruit
1351 4452 1475 4538 (pg.
1512 4454 1719 4542 51,1).
1799 4453 2503 4539 Appropinquantibus
2539 4455 2820 4520 comitiis
2852 4456 2971 4520 tri-
