3485 5069
1540 340 1896 393 —74-

706 515 808 580 Ad
870 520 1097 580 utrum
1157 536 1313 580 vero
1378 536 1412 580 e
1470 514 1816 581 Saturnini
1860 516 2318 581 tribunatibus
2366 516 2579 582 altera
2628 516 2948 604 Caepionis

494 654 700 698 causa
745 632 1095 718 pertineat,
1145 652 1323 696 nunc
1361 631 1431 696 in
1462 631 1712 696 incerto
1755 630 2279 716 relinquendum,
2329 631 2493 696 illud
2523 654 2679 697 vero
2713 636 2948 698 tenen-

493 747 650 812 dum
684 750 807 830 est,
857 751 1046 812 ante
1092 746 1339 830 legem
1386 746 2021 828 frumentariam,
2072 747 2260 812 cuius
2292 748 2705 830 rogationem
2736 747 2948 834 Caepio

492 863 706 929 minor
731 863 1039 949 (fortasse
1064 862 1333 928 maioris
1357 861 1567 927 filius:
1593 862 1982 945 Mommsen,
2009 863 2198 928 Rom.
2218 861 2452 928 Gesch.
2472 863 2586 946 11⁸,
2615 865 2745 930 203
2771 863 2948 952 adn.)

492 979 813 1062 turbavit,
865 979 919 1043 si
955 977 1112 1064 quid
1158 977 1374 1060 vide0,
1426 981 1505 1044 et
1551 979 2154 1043 accusationem
2203 982 2281 1043 et
2326 978 2575 1062 legem
2625 978 2712 1044 de
2761 1000 2947 1045 auro

491 1093 834 1180 ponendas
884 1116 1050 1176 esse,
1101 1094 1260 1178 quia
1307 1093 1553 1179 optime
1602 1115 1683 1159 ex
1716 1094 1960 1158 iniuria
1999 1094 2173 1180 patri
2207 1097 2328 1158 aut
2359 1095 2731 1160 necessario
2766 1094 2951 1160 facta

493 1209 815 1296 Caepionis
878 1208 1102 1274 odium
1165 1209 1550 1295 explicatur.
1644 1211 1866 1295 Atque
1926 1209 2139 1292 legem
2210 1208 2289 1274 de
2352 1231 2513 1275 auro
2576 1213 2809 1276 auctor
2870 1209 2949 1276 de

490 1325 611 1391 vir.
646 1325 758 1407 ill.,
822 1347 1230 1411 quamquam
1290 1326 1464 1391 inter
1518 1325 1906 1391 tribunatus
1968 1346 2103 1390 non
2152 1323 2521 1408 distinguit,
2586 1347 2763 1391 anno
2822 1327 2949 1392 100

493 1442 815 1525 assignat,
865 1442 1181 1526 quoniam
1230 1463 1378 1507 eam
1423 1444 1578 1527 post
1621 1441 1833 1524 legem
1885 1439 1964 1506 de
2013 1440 2286 1506 coloniis
2332 1441 2616 1507 inseruit
2636 1443 2700 1530 1),
2760 1442 2947 1507 cuius

490 1558 745 1640 rogatio
796 1557 1159 1623 secundum
1207 1559 1371 1644 App.
1420 1555 1461 1644 ξ
1514 1557 1660 1640 136,
1711 1579 1964 1622 annum
2015 1560 2141 1624 100
2191 1560 2489 1643 occupat.

704 1674 938 1758 Itaque
987 1672 1142 1739 ordo
1176 1672 1395 1756 legum
1430 1695 1606 1738 anno
1646 1675 1771 1740 100
1804 1672 2095 1739 latarum
2127 1673 2234 1738 hic
2265 1676 2401 1739 est:
2447 1673 2574 1738 lex
2622 1671 2709 1737 de
2759 1692 2946 1737 auro

493 1787 905 1874 Caepionis,
955 1788 1080 1854 lex
1109 1788 1668 1871 frumentaria,
1717 1788 1846 1853 lex
1878 1787 1966 1853 de
1999 1788 2445 1854 maiestate.
2517 1788 2759 1872 Legem
2791 1809 2947 1854 vero

493 1903 572 1969 de
621 1926 804 1988 auro,
869 1926 1016 1969 cum
1081 1902 1165 1969 ad
1233 1925 1539 1987 agrorum
1602 1905 2005 1990 emptionem
2076 1905 2361 1990 pecunia
2421 1926 2742 1969 conversa
2802 1925 2948 1969 esse

493 2019 770 2103 dicatur,
807 2020 1006 2107 (auct.
1043 2019 1121 2085 de
1154 2020 1274 2086 vir.
1311 2019 1399 2085 ill.
1442 2020 1544 2107 73)
1578 2020 1687 2085 lex
1720 2020 1862 2085 sive
1896 2020 2158 2103 agraria
2191 2021 2333 2085 sive
2383 2019 2462 2085 de
2511 2020 2783 2085 coloniis
2832 2018 2945 2084 de-

493 2135 809 2201 ducendis
855 2136 1282 2222 praecesserit,
1331 2157 1602 2201 necesse
1650 2137 1785 2219 est}
1828 2157 2043 2220 neque
2074 2137 2420 2222 Appianus
2470 2134 2801 2218 dissentit,
2834 2135 2948 2220 qui

490 2254 755 2337 tempus
783 2255 939 2317 ante
974 2251 1243 2317 comitia
1265 2252 1622 2317 tribunicia
1646 2250 1990 2336 quodlibet
2012 2252 2340 2334 rogationi
2366 2250 2763 2316 collocandae
2790 2272 2945 2316 con-

493 2366 684 2432 cedit.
748 2365 1162 2432 Gravissima
1193 2389 1349 2433 vero
1381 2370 1779 2451 argumenta
1824 2366 1993 2432 duas
2029 2365 2352 2433 eiusmodi
2382 2367 2560 2450 leges
2591 2366 2769 2432 latas
2801 2387 2946 2431 esse

492 2481 819 2548 indicant:
867 2482 1150 2569 primum
1199 2484 1374 2549 enim
1416 2483 1762 2570 Appianus
1798 2482 1924 2569 (29,
1957 2484 2104 2572 130)
2141 2481 2221 2549 (16
2255 2504 2411 2566 agro
2439 2481 2689 2549 Gallico
2724 2481 2944 2548 distri-

634 2767 805 2818 neque
858 2752 901 2804 si
953 2751 1021 2803 ad
1074 2752 1191 2803 Livi
1244 2753 1604 2803 narrationem
1658 2752 1908 2818 recurris,
1958 2751 2028 2804 ad
2082 2768 2242 2817 quam
2295 2754 2407 2818 ipse
2460 2752 2684 2804 lectores
2722 2751 2944 2817 relegat,

633 2841 694 2907 (I,
732 2840 907 2907 59,11
947 2841 1013 2893 de
1053 2841 1203 2893 bonis
1252 2841 1538 2907 publicatis
1587 2848 1763 2893 tacet:
1811 2841 1966 2907 „his‚
1993 2882 2002 2891 .
2028 2882 2039 2893 .
2078 2843 2392 2893 memoratis
2439 2842 2721 2893 incensam
2760 2840 2944 2892 multi-

636 2930 882 2982 tudz‘nmn
918 2930 1185 2996 perpulit,
1223 2936 1286 2981 ut
1312 2931 1600 2995 imperium
1624 2930 1742 2997 φερέ
1771 2929 2131 2997 abroyareffl)
2171 2929 2241 2981 ad
2279 2930 2512 2995 priorem
2550 2930 2946 2981 accusationem

633 3021 906 3085 pertinere
947 3026 1173 3085 possunt
1217 3016 1306 3085 (cf.
1347 3018 1640 3070 Mommsen
1683 3018 1956 3084 St.-R.1⁸‚
1995 3018 2115 3084 629,
2156 3019 2276 3070 adn.
2306 3020 2353 3072 1.
2381 3020 2429 3070 4.
2484 3019 2550 3070 (16
2598 3018 2943 3083 abrogatione

634 3108 860 3174 imperii,
900 3123 1019 3173 quae
1059 3106 1215 3159 unica
1253 3108 1419 3173 igitur
1457 3114 1511 3159 et
1548 3114 1630 3158 sat
1670 3108 1846 3173 gravis
1887 3122 2042 3173 poena
2082 3107 2245 3159 cladis
2285 3108 2565 3160 Cimbricae
2604 3106 2749 3174 fuit.)

706 3198 885 3262 Atque
926 3193 1085 3247 facile
1115 3198 1433 3261 epitomator
1470 3197 1747 3262 negligens
1787 3197 1856 3248 ad
1896 3198 2128 3263 priorem
2168 3212 2398 3262 causam,
2438 3211 2556 3261 quae
2595 3196 2752 3248 alteri
2788 3196 2945 3247 relin-

635 3284 848 3350 quenda
886 3292 1056 3352 erant,
1095 3283 1394 3337 transferre
1435 3292 1667 3351 poterat,
1706 3287 1750 3337 si
1789 3301 1821 3337 a
1856 3286 2005 3337 Livio
2034 3286 2298 3351 Caepionis
2327 3287 2503 3336 exitus
2542 3285 2665 3336 inde
2705 3301 2738 3336 a
2763 3299 2943 3351 pugna

634 3390 801 3439 usque
841 3374 908 3426 ad
949 3375 1169 3425 exilium
1210 3376 1463 3427 continuo
1505 3375 1845 3427 narrabatur.
1923 3374 2072 3439 Quod
2111 3376 2218 3426 iam
2256 3390 2421 3441 supra
2461 3391 2488 3426 6
2528 3374 2713 3426 Valeri
2762 3388 2944 3426 errore

635 3464 1009 3530 conclusimus,
1049 3480 1224 3529 neque
1264 3463 1532 3516 diversum
1571 3465 1625 3515 in
1667 3465 1876 3516 Metelli
1924 3471 2066 3516 sorte
2106 3464 2425 3530 exponenda
2464 3465 2737 3529 scriptoris
2777 3463 2945 3516 consi-

635 3553 765 3603 lium
804 3551 971 3604 fuisse
1011 3552 1158 3604 infra
1196 3553 1659 3605 demonstrabitur
1696 3554 1817 3619 (ΙΙΙ,
1844 3555 1912 3610 6).

705 3641 824 3693 Non
868 3643 1048 3694 nescio
1100 3643 1153 3693 in
1209 3649 1322 3694 tota
1374 3642 1861 3709 argumentatione,
1910 3657 2029 3708 quae
2077 3642 2143 3693 de
2192 3642 2444 3707 Caepione
2494 3642 2620 3707 agit,
2668 3657 2808 3707 saepe
2849 3656 2944 3707 pro

634 3731 795 3783 certis
834 3732 1166 3796 argumentis
1206 3730 1647 3797 probabilitatem
1699 3747 1783 3783 me
1835 3730 2023 3783 fecisse
2077 3732 2288 3798 valere,
2342 3731 2435 3782 sed
2486 3729 2553 3783 ad
2609 3730 2946 3792 concilianda

634 3821 958 3886 testimonia,
997 3820 1214 3872 minime
1255 3821 1348 3871 illa
1387 3820 1603 3886 quidem
1651 3821 1938 3886 explicata,
1988 3818 2363 3872 solidissimum
2403 3820 2455 3871 in
2499 3820 2709 3873 Camilli
2747 3820 2946 3886 Scipio—

635 3909 822 3974 nisque
850 3910 1024 3961 causis
1050 3907 1467 3961 fundamentum
1496 3910 1691 3961 iactum
1720 3925 1850 3975 esse,
1880 3926 1985 3961 non
2014 3917 2233 3976 temere,
2261 3915 2519 3974 quantum
2550 3925 2718 3974 spem,
2740 3909 2942 3975 putavi.

710 4025 747 4090 ¹)
787 4024 1020 4077 Numero
1059 4025 1315 4090 singulari
1354 4025 1513 4093 (huic
1538 4026 1669 4093 leyz')
1710 4032 1828 4092 post
1853 4026 2114 4091 pluralem
2144 4027 2231 4090 (in
2256 4026 2398 4093 {eyes
2422 4025 2582 4091 suas)
2608 4041 2733 4077 usus
2760 4031 2947 4077 auctor

491 4120 669 4165 tamen
724 4114 886 4180 legeS,
938 4113 1005 4165 de
1059 4113 1250 4179 quibus
1301 4114 1466 4165 verba
1504 4112 1729 4181 fecerat,
1769 4115 1822 4165 in
1861 4115 2036 4166 animo
2076 4114 2255 4166 habet.
2333 4114 2413 4166 Ne
2452 4114 2737 4179 suspicioni
2774 4113 2948 4165 indul-

491 4217 724 4268 geamuS‚
767 4217 887 4253 eum
927 4202 979 4252 in
1018 4201 1231 4253 brevius
1270 4203 1435 4253 vitam
1475 4203 1880 4255 contrahentem
1919 4203 2081 4255 aliam
2120 4204 2309 4269 legem,
2348 4203 2416 4254 ad
2456 4218 2614 4268 quam
2654 4218 2941 4268 pronomen

490 4291 690 4358 ,‚huz'c“
729 4289 924 4342 referri
961 4291 1175 4358 debeat,
1213 4292 1446 4344 omisisse
1485 4290 1572 4356 (cf.
1602 4308 1687 4358 pg.
1715 4292 1825 4360 32),
1862 4293 2140 4358 Appianus
2189 4292 2452 4358 prohibet,
2491 4280 2581 4358 qui
2632 4298 2684 4343 ct
2720 4293 2835 4358 ipse
2873 4289 2943 4342 ad

490 4395 652 4431 unam
709 4379 1041 4445 eandemque
1100 4381 1270 4447 legem
1324 4381 1781 4448 interdictionem,
1847 4382 2099 4447 pluviam,
2147 4382 2264 4447 (pro
2322 4396 2427 4447 qua
2464 4380 2699 4451 βροντὴν
2740 4381 2938 4447 posuit)

489 4469 699 4521 Metelli
738 4466 922 4535 fugam
962 4467 1146 4521 refert.
