3485 5069
1532 339 1887 393 -52-

482 515 765 581 redierit.
868 517 960 580 At
1017 517 1315 580 testante
1374 514 1564 580 Livio
1627 513 1960 601 (Oros-V,
2014 517 2116 599 17,
2166 517 2226 599 3,
2288 517 2431 583 Per.
2483 520 2610 605 69),
2634 519 2677 603 1)
2740 539 2939 602 quem

482 631 765 697 adiuvat
809 629 957 696 Val.
984 630 1160 696 Max.
1187 629 1296 713 IX,
1336 632 1393 713 7,
1434 633 1490 713 1,
1539 669 1627 678 —
1672 631 2019 717 Appianus
2067 632 2245 697 enim
2293 637 2519 719 aperte
2562 638 2759 716 errat,
2778 633 2821 722 ²)
2849 673 2940 682 ——

482 748 764 814 comitiis
797 746 1164 812 tribuniciis
1196 746 1446 812 Marius
1478 745 1803 812 interfuit.
1856 746 2015 827 Quae
2050 747 2416 813 secundum
2449 748 2935 815 Mommsenum

483 862 838 950 (St.-R.1³,
888 862 1038 945 585,
1085 862 1149 949 4)
1199 865 1486 927 exeunte
1548 882 1776 927 mense
1825 861 2138 942 Quinctili
2199 866 2321 928 aut
2379 864 2654 930 ineunte
2703 864 2938 930 Sextili

480 979 928 1045 habebantur:
1001 976 1118 1043 sed
1184 980 1421 1063 praeter
1488 976 1666 1042 locos
1737 978 2140 1043 certissimos
2210 979 2433 1044 aetatis
2494 979 2939 1046 Ciceronianae

480 1116 690 1160 unum
749 1094 1134 1180 Appianum
1173 1093 1220 1175 Ι,
1275 1094 1356 1157 14
1405 1091 1445 1179 ξ
1488 1094 1572 1158 59
1621 1092 1826 1159 affert
1885 1092 2362 1180 (Kornemanm
2426 1095 2552 1159 Zur
2600 1094 2835 1161 Gesch.
2874 1095 2935 1162 d.

481 1209 972 1291 Gracchenzeit,
1006 1231 1109 1296 pg.
1138 1209 1243 1291 51,
1273 1210 1356 1297 5),
1407 1231 1603 1294 quem
1644 1210 1929 1275 rusticos
1978 1214 2120 1275 tam
2167 1211 2559 1276 inconcinne
2593 1210 2935 1277 induxisse

479 1325 788 1391 vidimus.
891 1329 1112 1410 Atque
1171 1325 1505 1405 facillime,
1570 1347 1718 1390 cum
1780 1326 2009 1391 hostes
2070 1326 2334 1392 Italiam
2396 1326 2810 1392 invasissent
2868 1331 2940 1392 et

479 1444 584 1508 tot
630 1442 809 1507 cives
857 1442 926 1505 in
973 1441 1175 1506 armis
1232 1445 1478 1524 essent,
1535 1441 1684 1505 fieri
1728 1442 1968 1527 potuit,
2032 1446 2110 1507 ut
2154 1442 2223 1506 in
2270 1441 2558 1507 reditum
2606 1443 2936 1508 exercitus

481 1555 963 1645 differrenturss)
1013 1556 1115 1643 (de
1163 1557 1446 1623 comitiis
1494 1558 1654 1622 anni
1687 1558 1793 1639 91,
1844 1558 1924 1622 cf.
1951 1557 2214 1623 Marcks
2248 1557 2522 1638 Quellen
2551 1581 2604 1623 z.
2631 1557 2934 1624 Bundes-

480 1673 1012 1757 genossenkrieg,
1061 1694 1164 1759 pg.
1204 1676 1306 1755 16,
1358 1673 1441 1759 3).

478 1940 888 2009 XXXVIIIJIX,
907 1941 961 2007 4,
985 1940 1043 2007 2,
1083 1939 1506 1991 Narratiuncula
1526 1938 1670 2005 apud
1691 1938 1831 1990 Plin.
1854 1938 1917 1991 N.
1943 1939 2007 1994 H.
2031 1938 2288 2005 XXXIII,
2310 1941 2412 1993 150
2432 1963 2502 1985 z
2521 1939 2641 1991 Val.
2666 1939 2811 1990 Max„
2833 1938 2932 2005 III,

479 2032 529 2099 6,
556 2033 589 2084 6
627 2028 719 2097 (cf.
744 2030 990 2096 Munzer,
1029 2027 1426 2094 Quellenkritik
1465 2027 1559 2079 des
1596 2027 1821 2094 Plinius,
1862 2044 1947 2094 pg.
1979 2029 2103 2093 117)
2155 2026 2382 2081 fortasse
2427 2045 2495 2081 ex
2533 2043 2596 2080 eo
2636 2027 2927 2093 depravata

479 2127 576 2187 est,
612 2119 753 2187 quod
790 2118 967 2170 Mario
1004 2117 1214 2169 crimini
1252 2115 1503 2182 dabatur,
1541 2131 1662 2167 eum
1701 2131 1770 2167 ex
1808 2117 1972 2182 ipsius
2011 2117 2194 2169 Liberi
2233 2118 2398 2169 sacris
2425 2116 2701 2168 cantharis
2727 2116 2838 2166 sive
2875 2115 2932 2166 in

478 2208 772 2275 triumpho,
811 2207 921 2259 sive
960 2207 1015 2258 in
1055 2205 1141 2257 dei
1180 2205 1265 2258 die
1304 2202 1446 2257 festo
1473 2206 1756 2271 potavisse.

696 2331 735 2397 ¹)
770 2331 920 2383 Licet
945 2329 1085 2383 falso
1111 2330 1345 2382 Marium
1383 2330 1436 2381 in
1469 2328 1845 2383 interficiendo
1871 2330 2091 2383 Nunnio
2117 2330 2399 2383 Saturnini
2438 2331 2742 2381 ministrum
2769 2328 2928 2380 dicat.

476 2422 719 2488 Lacuna,
756 2436 877 2487 quae
916 2418 1059 2485 apud
1099 2419 1320 2471 Florum
1350 2418 1446 2485 (ΙΙ,
1473 2420 1524 2485 4,
1546 2419 1600 2485 1)
1639 2426 1760 2485 post
1798 2421 1963 2472 verba
2000 2421 2330 2487 „consulatu
2364 2435 2466 2472 suo
2504 2425 2768 2486 praeterea
2808 2433 2932 2470 con-

474 2511 646 2578 fisus“
685 2516 878 2577 exstat,
915 2511 992 2562 ita
1018 2506 1134 2562 fere
1162 2506 1464 2575 supplenda
1491 2514 1594 2560 est:
1623 2508 1973 2571 <auxilium
1992 2508 2284 2576 pollicitus
2312 2513 2486 2570 est>.
2507 2508 2592 2560 vel
2631 2513 2702 2568 <
2729 2506 2928 2558 milites

478 2602 554 2654 ad
588 2598 959 2668 perferendas
997 2600 1138 2667 leyes
1167 2598 1509 2665 praebue‘t.>

690 2687 732 2756 ¹)
769 2689 813 2756 Ι,
851 2688 919 2742 28
957 2688 1116 2757 §126
1169 2687 1501 2757 Σατορνῖνος
1548 2677 1787 2758 φυλάξας
1830 2688 2241 2757 στρατηγοῦντα
2295 2687 2572 2740 Γλαυκίαν
2618 2685 2710 2736 καὶ
2771 2683 2931 2754 τῆςὸε

475 2777 584 2829 τῶν
635 2775 945 2848 δημάρχων
995 2777 1092 2846 τῆς
1140 2777 1483 2846 χειροτονίας
1531 2776 1864 2845 προεστῶτα.
1939 2775 2059 2827 Sive
2099 2775 2415 2828 absentibus
2454 2774 2783 2840 consulibus,
2835 2771 2927 2840 (cf.

475 2868 771 2920 Mommsen
810 2864 1065 2918 St.-R.1⁸
1091 2866 1298 2932 141,1;
1338 2865 1423 2916 11⁸
1459 2864 1578 2928 278,
1618 2865 1673 2929 2)
1710 2866 1820 2917 sive
1861 2881 2072 2931 semper
2112 2872 2372 2931 praetores
2396 2865 2622 2916 comitiis
2650 2860 2930 2929 praefuisse

474 2958 759 3024 Appianus
810 2962 1009 3022 censet,
1057 2952 1196 3007 falso
1235 2969 1280 3005 a,
1312 2953 1412 3007 101
1454 2959 1739 3019 praetorem
1788 2954 2070 3006 Glauciam
2121 2953 2269 3020 dicit,
2322 2954 2413 3019 qui
2452 2970 2498 3005 a.
2542 2954 2645 3005 100
2693 2956 2930 3017 praetura

474 3044 823 3113 fungebatur,
849 3051 909 3095 ut
935 3044 1154 3096 docent:
1184 3043 1241 3095 C.
1260 3043 1300 3095 I.
1317 3042 1377 3094 L.
1407 3041 1482 3108 1²,
1510 3043 1613 3095 195
1642 3043 1724 3094 El.
1749 3042 1917 3094 XVII.
1941 3042 2123 3094 XVIII
2150 3042 2297 3095 Oros,
2319 3041 2385 3109 V,
2414 3043 2499 3109 17,
2525 3044 2584 3108 4,
2612 3042 2718 3094 Cic.
2748 3040 2862 3092 Cat.
2886 3040 2929 3106 I,

474 3137 507 3187 4
534 3135 631 3201 ΙΠ,
658 3135 724 3187 15
762 3133 900 3186 Phil.
918 3132 1063 3198 VIII,
1088 3132 1154 3185 15
1176 3148 1272 3198 pro
1298 3131 1432 3184 Rab.
1453 3132 1522 3183 20
1544 3132 1689 3183 Brut.
1720 3131 1822 3184 224
1862 3131 2035 3184 Schol.
2064 3132 2230 3184 Bobb.
2258 3132 2361 3185 347
2402 3131 2490 3183 Or.
2514 3131 2630 3182 Val.
2656 3130 2801 3181 Max.
2830 3129 2928 3195 111,

475 3224 526 3290 2,
552 3224 620 3277 18
645 3230 786 3274 auct.
810 3221 875 3272 de
910 3221 1005 3272 vir.
1034 3222 1108 3272 ill.
1137 3221 1222 3287 67,
1249 3221 1308 3286 3,
1336 3221 1420 3288 73,
1441 3221 1504 3288 9,
1533 3227 1694 3286 atque
1721 3221 1835 3285 ipse
1863 3222 2000 3286 App.
2031 3235 2077 3273 a.
2106 3220 2211 3273 100
2248 3221 2313 3287 (Ι,
2339 3220 2406 3273 32
2446 3221 2474 3288 ἓ
2502 3220 2624 3282 145)
2650 3219 2927 3271 Glauciam

474 3309 784 3381 στρατηγόν
815 3312 1080 3377 appellat:
1119 3313 1230 3362 Aut
1258 3312 1421 3376 igitur
1446 3311 1579 3362 duos
1607 3308 1784 3362 fontes
1811 3311 2215 3376 contaminavit,
2244 3326 2271 3362 e
2300 3310 2492 3375 quibus
2519 3311 2660 3361 alter
2686 3308 2928 3360 Glauciae

474 3407 765 3466 praeturam
806 3416 949 3453 anno
988 3400 1089 3452 101
1143 3397 1395 3466 (fortasse
1449 3401 1788 3452 consulatum
1841 3416 1985 3451 anno
2023 3399 2129 3453 100
2166 3396 2234 3451 cf.
2264 3415 2344 3465 ea,
2383 3415 2503 3465 quae
2543 3398 2609 3450 de
2649 3398 2928 3450 annalium

474 3490 733 3555 scriptore
755 3489 989 3541 diximus
1010 3505 1091 3555 pg.
1110 3489 1203 3556 313
1226 3496 1364 3541 auct.
1388 3488 1454 3540 de
1477 3490 1570 3539 vir.
1595 3489 1668 3540 ill.
1694 3490 1780 3554 73,
1801 3489 1832 3540 2
1872 3490 1927 3540 in
1962 3504 2106 3541 anno
2135 3488 2234 3540 101
2261 3488 2370 3555 [pg.
2391 3488 2535 3556 31,3]
2559 3486 2624 3539 de
2647 3486 2926 3538 Saturnini

471 3579 527 3629 in
550 3579 779 3630 amicum
800 3577 1080 3630 Glauciam
1102 3584 1384 3643 praetorem
1406 3578 1725 3630 coercitione
1755 3575 1845 3645 [cf.
1865 3578 2159 3630 Mommsen
2185 3576 2440 3643 St.-R.I³,
2461 3577 2581 3643 139,
2601 3576 2654 3643 3,
2673 3577 2732 3643 4,
2754 3576 2874 3642 160,
2894 3575 2925 3626 2

472 3667 576 3719 Dio
601 3667 745 3719 Cass.
768 3667 1049 3734 XXXXII‚
1076 3668 1165 3735 23]
1188 3667 1369 3733 qualia
1387 3668 1470 3719 vel
1498 3675 1705 3720 remoto
1728 3668 1860 3719 anni
1887 3684 2069 3720 errore
2090 3669 2180 3718 vix
2201 3666 2510 3727 creduntur,
2534 3670 2761 3731 narrat),
2785 3667 2926 3717 alter

472 3761 617 3808 recte
633 3771 776 3808 anno
789 3757 892 3809 100
904 3756 1193 3808 tribuebat.
1217 3758 1326 3807 Aut
1347 3754 1467 3809 fons
1480 3756 1736 3822 Appiani,
1753 3763 1812 3808 ut
1829 3772 2132 3809 connexum
2148 3756 2290 3808 inter
2305 3755 2583 3808 Saturnini
2599 3756 2927 3806 creationem

473 3851 526 3897 et
563 3845 747 3896 Nunni
787 3844 988 3897 caedem
1026 3846 1329 3897 institueret
1369 3853 1422 3896 et
1461 3852 1725 3911 praeterea
1765 3846 1999 3898 Marium
2039 3850 2322 3898 excusaret
2355 3845 2749 3911 popularesque
2777 3859 2928 3895 accu-

470 3941 632 4001 saret,
669 3941 963 4002 praeturam
1002 3935 1235 4001 priorem
1263 3932 1438 4000 finxit,
1478 3934 1732 4001 (Ziegler,
1773 3935 1924 3987 Fasti
1962 3935 2301 3987 tribunorum
2341 3951 2424 4000 pg.
2455 3934 2545 3999 28)
2584 3934 2828 3999 alteram,
2866 3938 2927 3982 ut

472 4023 525 4073 in
566 4024 885 4090 magistratu
924 4023 1149 4075 Glaucia
1188 4022 1542 4089 occideretur,
1580 4024 1822 4075 retinuit.
1878 4023 2200 4076 Coniectura
2228 4023 2534 4090 Niemeyeri
2560 4021 2929 4088 (Jahrbiicher

470 4109 510 4162 f.
538 4111 675 4164 Phil.
705 4129 754 4164 u.
778 4111 907 4163 Pad.
936 4112 1058 4178 149,
1095 4112 1253 4178 1894,
1291 4127 1376 4178 pg.
1402 4112 1490 4177 71)
1543 4127 1641 4178 per
1679 4128 1734 4163 se
1783 4128 1892 4164 non
1942 4112 2258 4180 probabilis,
2297 4112 2380 4178 iis,
2419 4126 2540 4178 quae
2579 4110 2646 4161 de
2687 4110 2926 4175 Appiani

471 4201 652 4253 indole
692 4201 1049 4267 exposuimuS,
1088 4199 1373 4253 refutatur.

686 4288 729 4354 ⁸)
765 4290 917 4342 Inter
952 4290 1184 4356 primum
1224 4297 1278 4342 et
1314 4291 1545 4341 alterum
1584 4291 1916 4343 comitiorum
1945 4289 2106 4357 diem,
2143 4290 2186 4341 si
2221 4295 2366 4341 recte
2391 4288 2511 4341 Val.
2536 4288 2681 4339 Max.
2706 4286 2801 4353 IX,
2822 4286 2924 4354 7,3

472 4385 526 4431 et
562 4380 846 4446 Appianus
883 4378 926 4445 Ι,
966 4379 1033 4431 28
1071 4378 1100 4446 ξ
1139 4378 1242 4433 128
1280 4381 1453 4445 primo
1492 4378 1578 4431 die
1618 4395 1726 4431 nou
1767 4395 1951 4431 omnes
1988 4379 2235 4430 tribunos
2283 4383 2490 4430 creatos
2530 4393 2644 4430 esse
2681 4374 2924 4441 tradunt,

469 4469 680 4534 longius
707 4469 1051 4520 intervallum
1071 4484 1174 4519 non
1197 4467 1567 4520 intercedebat
1586 4466 1678 4535 (cf.
1702 4484 1786 4534 pg.
1807 4469 1876 4521 59
1896 4468 1963 4520 de
1984 4468 2210 4520 comitiis
2237 4467 2634 4534 consularibus,
2655 4482 2737 4532 pg.
2761 4465 2924 4532 62,3).
