3485 5069
1591 311 1945 366 -26—

540 494 738 559 subito
806 495 1095 558 seditione
1134 540 1351 556 .....
1388 489 1712 572 interfecit.
1825 496 2171 557 versarium
2203 514 2340 557 eum
2372 492 2714 557 actionibus
2746 494 2876 556 suis
2921 495 2991 555 ti·

542 609 610 674 F
604 614 868 674 remente
902 629 1028 690 pro
1078 611 1268 673 tantis
1326 612 1416 673 rei
1447 607 1716 689 publicai
1825 608 2042 684 mebat,
2078 609 2308 673 occidit.
2384 607 2617 688 Quibus
2648 607 2827 672 rebus
2856 627 2993 671 con-

541 726 723 789 malis
767 729 985 789 senatu
1026 724 1380 804 populoque
1424 723 1714 788 Romano
1824 727 2009 788 citato
2057 729 2276 788 senatu
2325 727 2389 788 in
2437 727 2612 788 cuius
2653 742 2908 787 causam
2939 727 2996 786 et
3068 792 3075 800 .

541 840 796 905 Marius
853 839 1064 904 consul
1117 839 1571 904 accommodato
1631 839 1716 903 ad
1826 839 1891 904 C.
1919 839 2191 915 Marius,
2214 840 2395 904 homo
2420 843 2587 904 varii
2610 844 2666 904 et
2686 838 2997 903 mutabilis

544 962 777 1037 tempus
810 958 1048 1040 inqenio
1073 958 1391 1019 consensui
1415 954 1715 1018 bonorum
1826 958 2052 1038 inqenii
2096 955 2448 1034 consiliique
2494 975 2729 1035 semper
2781 974 2993 1017 secun-

541 1093 664 1136 sese
696 1074 1040 1147 immiscuit,
1082 1075 1563 1150 commotamque
1582 1069 1716 1150 ple·
1826 1070 1974 1132 dum
2007 1065 2368 1147 fortunam,
2421 1071 2778 1144 transierat,
2830 1118 2842 1131 .
2882 1116 2893 1130 .
2928 1116 2942 1130 .
2980 1119 2992 1131 .

543 1188 669 1252 bem
715 1187 836 1252 leni
883 1190 1160 1272 oratione
1205 1187 1460 1250 sedavit.

757 1318 897 1398 Quo
946 1318 1158 1400 magis
1206 1316 1524 1382 miramur
1570 1315 1748 1401 quod
1795 1315 2064 1380 Orosius
2111 1313 2451 1379 Metellum
2506 1338 2590 1391 „a
2638 1315 2996 1389 iudicibus“,

544 1457 677 1500 non
701 1439 977 1516 rogante
1003 1434 1364 1499 Saturnino
1399 1455 1479 1516 „a
1501 1432 1780 1518 populo“
1815 1431 2208 1496 damnatum
2235 1450 2400 1512 esse,
2435 1429 2997 1495 interdictionem-

543 1572 670 1634 que
704 1555 861 1614 ante
895 1549 1259 1614 discessum
1307 1549 1449 1614 eius
1499 1570 1541 1613 a
1571 1548 1779 1613 Mario
1813 1547 2268 1612 renuntiatam
2302 1566 2447 1610 esse
2482 1544 2658 1610 dicit.
2722 1545 2880 1625 Quae
2913 1568 2997 1610 ne

543 1665 832 1731 fontium
881 1663 1253 1729 diversitati
1301 1664 1698 1745 tribuamus,
1757 1663 1965 1727 verba
2012 1661 2390 1726 communia
2436 1664 2572 1737 „die
2619 1663 2826 1727 dicta“
2873 1662 2994 1725 im-

543 1780 838 1867 pediunt.
908 1779 1345 1861 Neglegenter
1389 1780 1591 1861 igitur
1623 1778 1913 1859 Orosius,
1962 1776 2301 1842 Metellum
2349 1797 2532 1841 reum
2565 1775 2822 1841 factum
2855 1797 2999 1841 esse

544 1894 799 1977 videns,
851 1893 930 1959 de
979 1895 1344 1978 quaestione
1394 1894 1715 1977 cogitavit
1764 1898 1832 1959 et
1878 1893 2037 1977 quia
2083 1893 2144 1957 ei
2190 1891 2615 1957 interdictum
2664 1913 2810 1956 esse
2845 1913 3000 1956 con-

546 2012 795 2092 stabat,
845 2009 912 2074 id
957 2009 1196 2074 iudicio
1258 2009 1514 2074 factum
1562 2031 1707 2075 esse
1755 2009 1989 2091 voluit,
2052 2007 2380 2073 iudicibus
2439 2030 2480 2072 a
2526 2007 2753 2088 MariO,
2804 2028 2999 2090 quem

544 2127 884 2192 inimicum
932 2126 991 2190 ei
1036 2125 1245 2190 fuisse
1294 2126 1567 2207 sciebat,
1615 2126 1932 2211 permotis
1978 2124 2088 2189 vel
2135 2124 2477 2209 corruptis,
2574 2123 2806 2187 Cetera
2853 2143 3000 2206 quae

546 2242 816 2307 Orosius
865 2239 1090 2323 tradit,
1148 2240 1431 2305 Marium
1491 2240 2023 2306 interdictionem
2083 2239 2575 2304 renuntiavisse
2621 2237 3000 2321 Metellique

544 2357 782 2424 reditui
846 2357 1188 2422 obstitisse
1249 2380 1290 2422 a
1344 2357 1664 2422 Periocha
1710 2357 1993 2422 Marium
2056 2354 2398 2421 seditionis
2461 2352 2806 2418 accusanti
2867 2374 3003 2418 non

545 2475 923 2540 abhorrent.

759 2591 855 2655 De
904 2590 1202 2655 tumultu
1261 2591 1329 2655 in
1391 2589 1731 2654 Metellum
1792 2589 1972 2654 facto
2030 2609 2227 2673 quern
2284 2585 2648 2652 secundum
2696 2584 3001 2650 Orosium

545 2706 775 2771 Livius
824 2706 1104 2789 rettulit,
1167 2706 1350 2771 locus
1409 2705 1587 2792 apud
1635 2705 1783 2770 Val.
1811 2705 1986 2770 Max.
2022 2704 2132 2787 IX,
2172 2707 2229 2786 7,
2271 2708 2300 2768 1
2348 2707 2599 2768 exstat:
2648 2723 2798 2766 cum
2844 2721 3001 2765 vero

546 2821 815 2887 Orosius
866 2820 946 2886 de
995 2822 1277 2887 comitiis
1326 2822 1568 2906 quibus
1599 2821 1907 2887 Metellus
1942 2841 2174 2885 censor
2207 2822 2469 2885 creatus
2503 2822 2625 2901 est,
2674 2839 2867 2899 agere
2899 2817 3000 2882 vi-

547 2936 801 3020 deatur,
831 2940 1063 3002 contra
1095 2936 1272 3022 apud
1297 2936 1637 3001 Valerium
1669 2936 1978 3020 Equitius
2010 2935 2364 3017 inducitur,
2393 2933 2669 3020 Capitoli
2705 2932 3000 2998 obsessio

545 3055 977 3138 equitumque
1026 3052 1351 3117 auxilium
1400 3052 1820 3117 omittuntur.
1902 3053 2121 3135 Atque
2153 3074 2222 3116 re
2254 3072 2415 3116 vera
2445 3048 2999 3130 narratiunculas,

546 3192 714 3254 quas
763 3171 833 3234 in
881 3170 1095 3255 capite
1127 3168 1237 3251 IX,
1276 3171 1310 3233 7
1346 3168 1653 3233 Valerius
1703 3166 1975 3232 exhibet
1993 3168 2033 3255 1)
2081 3167 2271 3231 Livio
2328 3166 2613 3231 tribuere
2647 3185 2781 3228 non
2826 3163 2999 3244 licet,

547 3285 704 3371 quia
753 3307 903 3350 011111
951 3285 1270 3350 Periocha
1330 3288 1534 3368 atque
1597 3282 1826 3348 Orosio
1889 3283 2018 3347 nisi
2079 3283 2148 3346 in
2209 3282 2407 3346 rebus
2455 3280 2821 3344 notissimis
2868 3300 3004 3343 non

549 3402 994 3465 consentiunt.
1020 3402 1062 3487 2)
1133 3400 1343 3465 Multo
1392 3400 1595 3464 artior
1643 3420 1793 3463 cum
1834 3402 2104 3463 auctore
2138 3396 2216 3461 de
2248 3396 2408 3460 viris
2440 3394 2812 3459 illustribus
2846 3393 3002 3458 affi-

763 3649 800 3716 ¹)
828 3649 977 3716 Quae,
1000 3647 1253 3714 quoniam
1274 3648 1418 3700 intra
1444 3649 1702 3715 temporis
1729 3648 1962 3713 spatium
1988 3644 2133 3697 haud
2161 3660 2411 3711 magnum
2439 3650 2742 3709 versantur,
2775 3641 3003 3695 fortasse

549 3755 732 3792 omnes
771 3755 837 3791 ex
878 3738 1065 3792 eodem
1104 3735 1255 3790 fonte
1294 3736 1588 3790 fluxerunt..

762 3826 802 3894 ²)
841 3828 934 3893 IX,
976 3829 1024 3893 7,
1066 3826 1206 3879 1—3
1258 3825 1609 3878 Saturninum
1655 3825 2040 3890 Equitiumque
2093 3828 2357 3889 spectant.
2399 3852 2465 3860 —
2514 3822 2608 3887 IX,
2639 3823 2687 3886 7,
2714 3822 2747 3873 4
2786 3820 2857 3873 ad
2894 3822 3005 3887 Ap-

548 3917 767 3982 pianum
805 3916 846 3982 1,
885 3918 955 3969 54
994 3930 1158 3982 prope
1198 3914 1422 3981 accedit,
1462 3930 1568 3967 non
1609 3914 1963 3966 dissentiente
2002 3918 2186 3964 tamen
2226 3912 2341 3965 Liv,
2369 3927 2479 3977 per.
2509 3912 2592 3964 74.
2622 3941 2691 3947 -
2716 3910 2813 3975 ΙΧ,
2841 3911 2872 3963 7
2910 3909 3004 3960 11111

546 4006 700 4058 Rom.
731 4005 777 4057 1.
807 4021 927 4057 cum
965 4006 1060 4057 vir.
1093 4005 1166 4056 ill.
1196 4005 1282 4070 67,
1309 4005 1342 4055 4
1398 4009 1450 4054 et
1488 4002 1653 4055 Floro
1692 4001 1763 4068 ΙΙ,
1790 4002 1841 4068 9,
1868 4002 1901 4054 6
1940 4002 2236 4068 consentit3
2289 4000 2507 4052 Orosius
2545 3998 2611 4066 V,
2638 3999 2723 4065 19,
2752 4000 2799 4051 1.
2828 3998 2859 4049 :2
2900 4013 3004 4049 11011

546 4095 758 4147 Livium
797 4093 891 4146 sed
930 4094 1252 4159 Eutropium
1291 4092 1357 4159 V,
1384 4094 1415 4144 4
1455 4092 1650 4144 reddit.
1711 4092 1869 4143 Certe
1909 4090 2122 4142 Gratidi
2160 4091 2321 4156 legati
2360 4104 2556 4142 nomen
2586 4087 2730 4154 apud
2758 4086 3005 4140 Orosium

547 4183 613 4250 V,
655 4183 737 4249 19,
763 4184 796 4234 4
835 4188 1026 4248 exstat,
1065 4197 1186 4234 cum
1225 4181 1364 4233 Plut.
1392 4182 1532 4233 Mar.
1559 4181 1628 4234 35
1667 4196 1752 4246 pg.
1780 4180 1902 4247 367,
1944 4179 2028 4246 19,
2068 4179 2219 4231 Sulla
2257 4178 2290 4230 9
2331 4194 2412 4244 pg.
2441 4179 2562 4244 4⁶28,
2591 4178 2622 4231 7
2662 4191 2856 4228 nomen
2899 4192 3003 4228 non

548 4271 745 4325 afferat
797 4278 849 4324 et
886 4272 1171 4336 Appianus
1209 4270 1250 4334 Ι,
1286 4271 1356 4324 57
1404 4269 1471 4321 de
1510 4269 1655 4321 caede
1708 4269 2008 4334 legatorum
2056 4269 2192 4320 nihil
2230 4267 2431 4334 tradat,
2480 4266 2572 4319 sed
2619 4265 2884 4317 noluerim
2930 4264 3007 4315 id-

548 4361 688 4412 circo
740 4360 805 4411 de
856 4359 1008 4411 Livio
1060 4360 1311 4424 cogitare.
1364 4389 1433 4395 —
1486 4358 1580 4424 IX,
1622 4359 1650 4409 7
1699 4358 1794 4408 11111
1830 4357 1983 4412 Rom.
2012 4357 2042 4407 2
2087 4355 2154 4408 cf.
2190 4355 2296 4408 Per
2333 4357 2426 4423 773
2481 4355 2661 4421 paullo
2698 4354 3007 4419 discrepare

548 4448 763 4501 videtur
798 4451 936 4514 App.
965 4448 1006 4515 I,
1033 4448 1118 4501 63.
1158 4478 1228 4485 —
1266 4447 1361 4513 IX,
1392 4449 1421 4501 7
1461 4449 1567 4500 mil.
1589 4447 1744 4500 Rom.
1774 4447 1808 4500 3
1847 4446 2067 4499 aliunde
2107 4462 2216 4499 non
2257 4453 2441 4497 notum
2481 4451 2575 4497 est.
