3485 5069
1510 360 1866 413 -29—

463 539 746 626 adeptus
796 542 917 604 θεῖ.
1012 539 1324 602 Fortasse
1387 538 1590 602 etiam
1654 540 1730 602 ut
1792 536 1870 602 de
1917 543 2428 615 ‚,coniuratione“
2474 537 2814 620 cogitaret,
2873 560 2918 603 a

462 654 712 721 Rutilio
773 654 1004 719 Livius
1076 652 1407 718 adductus
1478 660 1600 718 est.
1707 652 1857 717 Livi
1919 651 2201 737 denique
2272 652 2351 718 de
2411 653 2658 719 Metelli
2721 653 2916 719 exilio

463 770 755 836 narratio
805 768 1170 835 secundum
1217 768 1520 834 Orosium
1568 771 1636 833 et
1682 768 2070 834 Periocham
2115 769 2215 834 ita
2260 769 2612 855 processit:

676 886 849 968 Lege
897 885 1158 966 agraria
1203 883 1347 949 lata
1391 882 1718 966 Metellus,
1769 883 1944 967 quod
1985 905 2099 969 per
2138 885 2275 948 vim
2313 883 2421 949 lex
2451 888 2687 967 rogata
2718 888 2914 968 esset,

463 1005 567 1069 ius
605 1000 961 1067 iurandum
1009 1000 1354 1065 sanctione
1404 1000 1866 1083 constitutum,
1916 1002 1994 1065 ut
2041 1000 2366 1064 coniurati
2414 1001 2915 1086 exspectabant,

464 1119 818 1185 recusavit.
869 1117 1278 1203 Quapropter
1311 1138 1353 1181 a
1377 1115 1736 1181 Saturnino
1770 1137 1922 1180 reus
1955 1115 2197 1198 factus,
2233 1138 2641 1201 quamquam
2673 1138 2921 1200 magna

464 1256 616 1321 pars
665 1234 908 1299 civium
956 1254 1102 1297 sese
1152 1253 1303 1296 eum
1352 1230 1739 1297 defensuros
1794 1252 2010 1315 neque
2060 1231 2361 1297 damnari
2407 1254 2722 1318 passuros
2768 1254 2916 1319 pro-

465 1350 844 1424 mittebant,
916 1370 1000 1413 ne
1070 1369 1276 1412 causa
1343 1346 1501 1411 belli
1571 1346 1783 1411 civilis
1855 1350 2052 1429 esset,
2125 1348 2394 1412 exilium
2464 1348 2917 1414 voluntarium

465 1465 756 1550 suscepit
800 1462 1241 1547 Rhodumque
1288 1463 1620 1545 migravit,
1683 1463 1800 1527 ubi
1848 1484 1997 1527 cum
2043 1462 2451 1550 philosophis
2498 1465 2914 1529 versabatur.

466 1582 710 1647 Statim
773 1601 951 1665 aqua
1021 1583 1088 1644 et
1154 1578 1291 1661 igni
1362 1579 1421 1643 ei
1490 1577 1915 1644 interdictum
1995 1583 2116 1644 θεῖ.
2224 1582 2444 1666 Atque
2516 1579 2918 1645 Saturninus

465 1698 773 1763 tribunus
834 1695 918 1781 pl.
968 1695 1256 1760 refectus
1319 1694 1602 1760 comitiis
1674 1694 2134 1759 consularibus
2195 1694 2266 1760 P.
2315 1694 2699 1760 Memmium
2760 1717 2917 1760 can-

467 1812 787 1893 didatum,
817 1812 1004 1876 cuius
1039 1810 1460 1876 consulatum
1494 1811 1796 1893 timebat,
1835 1814 1982 1875 orta
2015 1809 2336 1875 seditione
2369 1832 2482 1897 per
2513 1810 2584 1876 P.
2610 1811 2918 1877 Mettium

466 1925 996 1994 interficiendum
1064 1927 1342 1991 curavit.
1451 1926 1597 2005 Qua
1656 1947 1724 1990 re
1795 1926 2180 2011 perterritus
2243 1930 2519 1991 senatus
2582 1927 2917 1992 consulem

465 2181 601 2224 rem
668 2159 1000 2245 publicam
1064 2157 1464 2239 defenderet,
1528 2158 1838 2222 hortatus
1888 2161 1991 2222 est
2037 2178 2252 2241 neque
2300 2156 2624 2221 auxilium
2669 2157 2918 2222 Marius

467 2274 823 2357 denegavit
870 2272 986 2338 sed
1031 2276 1195 2352 „leni
1242 2279 1582 2356 oratione‘ss
1634 2295 1768 2357 qua
1816 2274 1956 2338 sive
2001 2294 2214 2338 novas
2246 2272 2424 2355 leges
2458 2273 2599 2338 sive
2631 2273 2918 2359 impuni-

465 2394 676 2456 tatem
733 2390 1021 2454 criminis
1067 2388 1520 2475 pollicebatur,
1571 2411 1655 2454 ne
1702 2389 1772 2452 in
1833 2392 2144 2453 senatum
2200 2389 2487 2474 impetus
2533 2388 2744 2469 fieret,
2794 2388 2918 2452 im-

464 2506 734 2593 pedivit.
831 2505 989 2585 Quae
1036 2505 1202 2570 Mari
1264 2504 1543 2571 defectio
1602 2503 1689 2570 ad
1735 2505 1991 2570 maiora
2039 2503 2285 2570 scelera
2333 2503 2769 2569 Saturninum
2815 2504 2917 2568 in-

466 2622 720 2702 citavit,
756 2622 978 2687 crebro
1012 2643 1271 2686 rumore
1305 2643 1457 2686 eum
1491 2620 1666 2686 domi
1701 2621 2076 2686 contionem
2109 2620 2427 2685 habuisse
2452 2620 2674 2705 ibique
2698 2642 2917 2703 regem

467 2737 873 2824 appellatum
921 2758 1066 2801 esse
1117 2737 1251 2823 (pro
1298 2737 1485 2802 fama
1516 2759 1651 2801 non
1682 2758 1797 2822 pro
1831 2736 2010 2802 facto
2045 2737 2249 2801 etiam
2281 2758 2323 2801 a
2353 2736 2541 2801 Livio
2575 2757 2678 2801 res
2710 2735 2918 2801 habe-

467 2854 704 2941 batur).
753 2852 1037 2937 Reliqua
1083 2854 1484 2918 narrationis
1525 2875 1699 2938 parS,
1735 2874 1884 2936 quae
1916 2851 2094 2938 apud
2119 2851 2421 2917 Orosium
2455 2850 2918 2917 tantummodo

466 2973 708 3052 exstat,
759 2968 933 3033 infra
965 2969 1089 3050 (III,
1127 2972 1187 3055 5)
1237 2970 1654 3034 tractabitur.
1745 2968 1886 3033 Hoc
1931 2968 2073 3033 loco
2122 2966 2285 3032 illud
2330 2988 2595 3032 monere
2644 2967 2915 3050 sufficit,

467 3085 757 3171 exceptis
827 3085 908 3149 iis
968 3085 1146 3166 lociS,
1220 3106 1386 3169 quos
1447 3083 1698 3149 Rutilio
1749 3085 2121 3167 tribuimus,
2173 3083 2509 3149 moderate
2572 3082 2651 3148 de
2710 3083 2917 3148 Mario

464 3199 728 3264 Livium
784 3199 1081 3265 locutum
1139 3222 1310 3265 esse:
1370 3198 1652 3264 debilem
1700 3202 1905 3264 antea
1953 3203 2021 3265 et
2066 3198 2378 3264 versandi
2425 3200 2491 3262 in
2540 3220 2608 3263 re
2656 3197 2921 3283 publica

466 3317 788 3399 ignarum,
853 3316 1131 3381 simulac
1179 3316 1242 3381 S.
1273 3316 1337 3381 G.
1389 3338 1575 3380 arma
1632 3319 1831 3401 capta
1877 3320 2122 3398 essent,
2188 3320 2523 3380 strenuem
2572 3334 2919 3398 acremque

467 3453 536 3495 se
568 3432 956 3517 praestitisse
991 3431 1092 3517 (cf.
1122 3433 1262 3497 Per.
1294 3433 1403 3514 803
1439 3430 1603 3496 Vell.
1631 3431 1706 3513 II,
1749 3434 1849 3496 11.
1878 3432 1983 3513 23,
2016 3434 2047 3495 1
2085 3430 2488 3495 Burmeister
2519 3429 2559 3495 l.
2588 3430 2628 3495 1.
2657 3452 2759 3516 pg.
2786 3430 2917 3517 46).

595 3710 668 3788 b)
721 3708 829 3773 De
874 3710 1202 3790 vestigiis
1253 3708 1634 3788 scriptoris
1685 3706 2067 3771 cuiusdam
2117 3706 2490 3770 annalium
2541 3707 2797 3787 ignoti.

680 3849 842 3914 Cum
891 3870 966 3914 eo
1014 3848 1220 3931 fonte,
1271 3869 1401 3931 quo
1449 3850 1684 3933 praeter
1730 3847 1997 3911 Livium
2042 3846 2274 3912 Florus
2324 3868 2486 3911 usus
2535 3849 2657 3929 est,
2706 3846 2920 3910 vitam

467 3964 812 4029 Saturnini
873 3963 1072 4050 (auct.
1126 3963 1204 4028 de
1250 3964 1370 4028 vir.
1405 3962 1494 4028 ill.
1525 3984 1575 4028 c.
1618 3964 1720 4051 73)
1791 3962 2127 4028 nonnullis
2196 3961 2376 4043 lociS,
2448 3962 2564 4025 ubi
2631 3962 2920 4026 maxime

466 4079 869 4145 Saturninus
919 4078 1331 4145 detractatur
1378 4079 1747 4144 consentire
1789 4078 2099 4143 vidimus.
2164 4076 2465 4141 Eundem
2498 4080 2855 4159 auctorem,
2877 4079 2918 4164 1)

682 4259 721 4326 ¹)
761 4259 823 4311 In
853 4260 1161 4310 universum
1183 4258 1249 4310 de
1278 4273 1338 4309 eo
1365 4257 1760 4309 disseruerunt:
1789 4257 2065 4322 Enmann,
2091 4255 2403 4320 Philologus
2432 4254 2586 4321 1884,
2625 4255 2713 4306 IV.
2733 4254 2917 4320 Suppl.

465 4364 550 4414 pg.
593 4349 698 4401 460
719 4364 795 4413 sq.
871 4346 1075 4414 Haupt,
1115 4346 1180 4397 de
1221 4347 1452 4398 auctoris
1488 4345 1553 4397 de
1587 4361 1633 4397 v.
1670 4346 1746 4397 ill.
1782 4345 1936 4411 libro,
1978 4344 2117 4396 Diss.
2153 4344 2478 4409 VViirzburg.
2516 4343 2671 4410 1876,
2712 4359 2794 4409 pg.
2835 4343 2919 4398 15.

466 4437 869 4501 Hildesheimer,
924 4436 1003 4487 De
1054 4436 1190 4488 libro
1237 4436 1329 4500 qui
1367 4434 1679 4486 inscribitur
1716 4432 1783 4485 de
1822 4435 1915 4485 vir.
1944 4434 2019 4485 ill.
2062 4434 2207 4485 urbis
2233 4432 2447 4485 “Romae.
2524 4432 2661 4483 Diss
2704 4432 2921 4497 Leipzig

467 4527 621 4592 1880,
662 4541 743 4591 pg.
773 4525 839 4578 27
856 4556 892 4562 —
914 4524 998 4578 35.
1074 4523 1443 4590 Rosenhauer,
1483 4522 1737 4590 Symbola
1775 4522 1845 4574 ad
1885 4524 2206 4587 quaestiones
2247 4521 2312 4573 de
2343 4519 2476 4573 font.
2508 4520 2633 4573 libri
2658 4519 2725 4571 de
2750 4536 2795 4571 v,
2823 4520 2921 4585 ill.,
