3485 5069
1586 373 1908 426 ,9.-

521 554 600 616 ut
646 551 849 615 etiam
884 548 1151 614 sublato
1187 547 1383 614 caedis
1418 549 1686 614 crimine
1717 548 2032 614 Rabirius
2062 571 2215 615 reus
2247 553 2603 635 teneretur,
2652 553 2757 618 ius
2791 574 2979 618 arma

518 665 824 731 sumendi
870 666 936 730 in
986 665 1374 731 universum
1424 664 1820 731 addubitare
1867 668 2197 752 potuerat.

642 792 643 795 ’
732 783 824 846 At
868 781 1158 845 fortasse
1206 779 1544 846 Labienus
1593 779 1937 846 contendit
1981 801 2116 846 non
2158 782 2447 865 omnino,
2495 782 2613 848 sed
2643 783 2781 849 illo
2814 783 2973 870 ipso

519 917 723 961 anno
795 899 1059 982 propter
1128 899 1342 961 certas
1412 896 1706 962 rationes
1776 917 1912 960 non
1983 896 2123 961 iure
2201 918 2388 962 arma
2465 902 2734 984 sumpta
2807 921 2974 965 esse.

516 1012 803 1077 Maxime
863 1011 1084 1098 placet
1159 1033 1311 1076 eum
1373 1011 1751 1076 affirmasse
1817 1011 2134 1097 populum
2204 1016 2537 1079 senatus
2608 1015 2973 1104 consulto

518 1149 671 1192 non
719 1127 1079 1211 legitime
1129 1127 1330 1192 scito
1380 1130 1715 1192 armatum
1766 1149 1942 1192 esse:
2014 1127 2132 1192 sed
2179 1149 2213 1193 e
2248 1128 2554 1195 Cicerone
2603 1133 2776 1196 certe
2824 1152 2975 1196 eum

435 1262 441 1268 ·
518 1243 617 1309 ita
662 1241 959 1308 locutum
1006 1263 1152 1308 6556
1200 1243 1463 1328 probari
1510 1243 1762 1327 nequit.

710 1358 1122 1424 Probabilior
1168 1362 1416 1441 autem,
1467 1380 1876 1443 quamquam
1909 1380 2030 1424 nec
2061 1357 2177 1424 illa
2209 1362 2407 1443 certa,
2456 1360 2591 1425 alia
2622 1361 2973 1447 explicatio

518 1477 645 1540 est:
692 1475 763 1539 in
810 1465 850 1560 ξ
885 1475 970 1540 28
1006 1474 1224 1540 Cicero
1257 1496 1395 1539 rem
1439 1475 1660 1557 tangit
1690 1497 1732 1539 a
1764 1474 2080 1558 Labieno,
2136 1476 2537 1561 „soepissz'mffl
2577 1497 2973 1542 commemo-

517 1593 757 1672 ratam,
819 1589 1024 1655 fidem
1084 1590 1334 1655 scilicet
1381 1589 1741 1655 Saturnino
1771 1589 2043 1670 datam,
2093 1593 2329 1676 postea
2374 1591 2718 1657 violatam.
2814 1592 2974 1672 Quis

517 1705 879 1773 secundum
924 1705 1294 1771 Labienum
1342 1727 1491 1771 eam
1540 1705 1810 1789 dederit,
1860 1727 1895 1771 6
1941 1704 1981 1791 ξ
2030 1707 2115 1771 28
2163 1728 2297 1772 non
2342 1707 2755 1793 perspicitur3
2816 1729 2975 1773 nam

518 1821 843 1887 Ciceronis
876 1823 1083 1888 verba
1108 1843 1295 1906 aequo
1321 1822 1461 1886 iure
1487 1822 1874 1905 significant
1904 1824 2049 1887 aut:
2088 1844 2263 1905 „vos
2296 1823 2703 1888 Rabirium
2735 1823 2973 1889 fidem

518 1929 832 2003 dedisse
911 1940 988 2002 et
1061 1940 1341 2023 postea
1416 1937 1778 2004 violasse
1858 1936 2158 2021 dicitis,
2230 1937 2367 2003 sed
2434 1939 2727 2004 Marius
2807 1960 2972 2005 eam

517 2051 759 2135 dedit3
819 2054 887 2118 is
933 2054 1205 2136 igitur,
1257 2053 1323 2118 si
1369 2053 1682 2118 violata
1729 2056 1882 2136 est,
1934 2074 2101 2118 eam
2148 2054 2531 2120 violavit“
2590 2058 2739 2120 aut:
2796 2076 2973 2139 „vos

514 2167 925 2233 Rabirium
972 2168 1211 2234 fidem
1258 2168 1613 2235 violasse
1663 2169 2191 2251 contenditis3
2257 2173 2339 2236 at
2397 2192 2538 2236 vos
2598 2171 2752 2258 ipsi
2810 2171 2971 2236 Ma-

452 2376 455 2377 ⁷
514 2284 712 2348 rium
768 2306 1020 2370 neque
1068 2284 1479 2350 Rabirium
1528 2306 1695 2350 eam
1745 2284 2062 2350 dedisse
2110 2286 2401 2368 nostis3
2458 2285 2681 2351 illius
2729 2286 2974 2369 igitur

516 2399 778 2486 culpa,
829 2401 895 2465 si
941 2400 1251 2466 violata
1298 2403 1476 2466 est.“
1577 2400 1768 2481 Quod
1811 2402 2171 2487 posteriore
2217 2401 2359 2468 loco
2407 2402 2771 2488 posuimUS,
2822 2424 2972 2467 cum

515 2538 632 2603 per
691 2538 762 2582 se
822 2517 1139 2583 maiorem
1201 2517 1507 2584 veritatis
1567 2517 1822 2584 habeat
1881 2519 2185 2604 speciem,
2244 2518 2326 2584 iis
2384 2540 2532 2603 quae
2580 2522 2969 2604 sequuntur,

518 2633 1000 2718 comprobatur.
1096 2633 1458 2700 Excusatio
1516 2636 1691 2700 enim
1761 2638 1946 2722 „quid
2002 2640 2128 2701 iam
2189 2640 2310 2701 ista
2371 2635 2437 2701 C.
2484 2637 2699 2701 Mario
2761 2658 2973 2702 nocere

501 2756 787 2831 possunt,
848 2754 1140 2830 quoniam
1199 2771 1378 2816 sensu
1436 2757 1493 2816 et
1547 2755 1678 2817 vita
1724 2757 1894 2817 caret
1910 2750 1973 2815 ΞΝ
2042 2749 2104 2837 (ξ
2153 2751 2260 2838 29)
2326 2750 2517 2816 docet
2574 2772 2616 2815 a
2674 2750 2969 2816 Labieno

514 2863 796 2929 Marium
836 2863 997 2930 fidei
1038 2868 1377 2931 auctorem
1408 2865 1718 2931 habitum
1752 2887 1917 2949 esse,
1969 2866 2284 2950 quoniam
2318 2887 2352 2931 6
2385 2870 2608 2931 mente
2643 2866 2971 2932 Ciceronis

513 2978 849 3045 Labienus
897 3001 979 3045 ea
1024 2981 1255 3062 utitur,
1305 2984 1384 3046 ut
1431 2983 1674 3047 crimen
1721 2982 2100 3065 ignominiae
2131 2981 2338 3047 Mario
2386 2982 2702 3047 iniunctae
2736 2981 2967 3047 diluat.

516 3095 677 3159 Cum
748 3099 975 3161 autem
1044 3097 1112 3161 in
1182 3097 1464 3162 Marium
1542 3098 1945 3183 „scepissime“
2012 3096 2371 3163 invehendi
2429 3096 2616 3162 nulla
2672 3097 2968 3163 Labieno

515 3212 824 3277 subesset
869 3212 1061 3295 rati0,
1126 3235 1277 3278 eum
1348 3235 1497 3278 cum
1544 3213 1775 3279 Rabiri
1839 3214 2127 3296 crimine,
2191 3217 2270 3279 ut
2324 3212 2549 3279 odium
2596 3216 2967 3297 augeretur,

512 3326 716 3392 fidem
785 3327 1109 3393 violatam
1180 3328 1665 3413 quodammodo
1745 3330 2185 3395 connexuisse
2245 3333 2435 3415 patet
2504 3328 2607 3414 (cf.
2658 3333 2834 3395 auct.
2885 3329 2971 3394 ad

513 3442 664 3509 Her.
697 3443 808 3527 IV,
837 3444 954 3509 31:
1003 3465 1132 3529 quo
1181 3446 1562 3511 testimonio
1611 3445 2030 3532 popularium
2079 3446 2300 3511 aetatis
2337 3444 2632 3511 Sullanae
2678 3446 2972 3511 virorum

513 3558 829 3624 iudicium
897 3559 1314 3649 illustratur).
1408 3561 1761 3627 Enimvero
1830 3561 2177 3627 Rabirium
2244 3564 2399 3648 post
2468 3560 2698 3626 datam
2764 3560 2969 3626 fidem

514 3695 700 3740 arma
733 3677 855 3739 aut
885 3696 1020 3740 non
1051 3677 1354 3761 posuisse
1388 3681 1509 3742 aut
1540 3677 1783 3742 iterum
1816 3677 2180 3763 sumpsisse
2215 3698 2521 3760 arguenS,
2557 3680 2666 3742 sat
2697 3698 2969 3759 gravem

510 3788 604 3854 illi
683 3789 945 3876 culpam
1021 3792 1379 3875 tribuebat,
1461 3813 1739 3877 quaeque
1811 3794 2016 3858 etiam
2086 3791 2354 3858 sublato
2429 3790 2625 3857 caedis
2698 3792 2966 3857 crimine

515 3905 999 3989 quodammodo
1035 3910 1265 3989 staret,
1300 3929 1516 3992 neque
1548 3911 1798 3991 tamen,
1836 3907 2012 3993 quod
2044 3930 2127 3974 ex
2156 3908 2387 3973 Dionis
2420 3908 2967 3993 interpretatione

512 4021 819 4103 efficitur,
892 4043 1155 4087 omnes
1225 4023 1431 4088 bonos
1491 4024 1669 4089 viros
1729 4024 1797 4087 in
1860 4023 1964 4089 ius
2024 4024 2335 4089 vocabat.
2431 4023 2650 4088 Cicero
2717 4028 2964 4107 autem,

514 4159 663 4202 cum
724 4138 823 4203 ita
877 4137 1134 4203 factum
1194 4160 1340 4204 esse
1401 4162 1642 4223 negare
1703 4161 1838 4205 non
1884 4141 2115 4226 possit,
2181 4138 2414 4204 callide
2463 4140 2532 4204 in
2579 4139 2967 4204 universum

512 4252 885 4318 Labienum
930 4252 1228 4319 locutum
1276 4277 1422 4320 esse
1468 4256 1667 4339 fingit
1714 4259 1939 4340 atque,
1988 4260 2067 4321 ut
2114 4278 2155 4321 a
2200 4255 2457 4321 violata
2501 4255 2637 4320 fide
2689 4253 2965 4319 audien-

510 4369 681 4435 tium
719 4370 977 4434 animos
1011 4374 1296 4453 avertat,
1346 4372 1414 4435 in
1462 4370 1578 4436 illa
1621 4372 1940 4436 facillima
1971 4371 2376 4436 refutatione
2407 4371 2568 4436 iuris
2602 4369 2966 4436 consularis

509 4484 580 4548 in
629 4483 904 4549 dubium
949 4486 1172 4551 vocati
1218 4485 1457 4569 longus
1505 4489 1627 4553 est.
1700 4487 1837 4552 Nec
1883 4509 2018 4552 non
2064 4490 2394 4572 praecepta
2439 4486 2567 4551 hac
2614 4506 2966 4568 argumen-
