3485 5069
539 560 813 625 nomina
859 558 1129 622 afferre:
1179 561 1382 641 atque
1431 578 1513 621 ex
1560 556 1662 621 his
1710 557 1871 642 ipsis
1921 555 2049 622 duo
2097 558 2167 622 in
2214 557 2512 623 oratione
2550 579 2664 643 pro
2697 557 2986 639 Rabirio,

542 676 780 742 tertius
808 672 986 760 apud
1018 673 1320 738 Orosium
1356 673 1751 755 segregatim
1784 676 2240 758 proponuntur
2272 677 2340 739 et
2373 694 2521 738 cum
2555 673 2775 757 aliquo
2808 672 2987 738 facto

541 790 1096 875 connectuntur.¹)
1155 787 1311 853 Inde
1345 788 1662 872 sequitur,
1700 787 1787 853 de
1819 788 1942 853 his
1976 787 2287 873 quidem
2320 788 2526 875 apud
2558 789 2989 874 scriptores

537 905 840 990 aliquid
907 908 1313 969 narratum
1384 924 1584 986 esse,
1658 907 1961 969 ceteros
2030 925 2212 969 vero
2283 926 2670 989 nusquam
2740 906 2987 970 nomi-

540 1022 787 1087 natim
837 1020 1279 1085 exstitisse.

751 1135 880 1201 Sed
943 1135 1341 1218 diligentius,
1406 1133 1565 1219 quid
1625 1133 1703 1200 de
1765 1133 1850 1199 M.
1904 1135 2182 1200 Aemilio
2241 1135 2487 1201 Scauro
2550 1140 2619 1201 et
2665 1136 2746 1216 Q.
2771 1137 2987 1204 Mucio

540 1252 839 1318 Scaevola
909 1251 1126 1316 Cicero
1197 1249 1441 1332 tradat,
1513 1249 1995 1336 inspiciendum
2066 1256 2188 1316 est.
2284 1249 2324 1336 ξ
2386 1252 2471 1317 20
2533 1251 2851 1319 Consules
2921 1258 2990 1320 et

537 1371 849 1435 cunctum
898 1370 1208 1432 senatum
1257 1371 1325 1430 et
1372 1370 1744 1450 equestrem
1793 1364 2086 1431 ordinem
2132 1367 2202 1431 in
2248 1366 2389 1432 foro
2437 1372 2805 1450 versanteS,
2866 1368 2987 1434 Sa-

536 1484 879 1549 turninum
936 1482 1332 1568 Capitolium
1388 1486 1728 1547 tenentem
1788 1481 2227 1564 demonstrat3
2291 1480 2331 1568 ξ
2380 1484 2459 1547 21
2511 1481 2596 1548 Μ.
2633 1483 2987 1549 Aemilium

535 1601 603 1664 in
666 1599 929 1664 comitio
988 1598 1367 1663 constitisse
1417 1596 1592 1663 dicit.
1665 1597 1704 1683 ξ
1755 1599 1842 1663 20
1890 1619 2117 1663 omnes
2152 1600 2446 1663 armatos
2494 1596 2749 1681 adesse,
2814 1597 2854 1686 ξ
2902 1601 2981 1664 21

536 1737 649 1781 eos
682 1711 784 1779 'ad
830 1736 1017 1779 arma
1062 1715 1305 1794 vocari,
1357 1718 1666 1779 cunctam
1712 1714 2134 1779 nobilitatem
2182 1735 2260 1779 ac
2307 1715 2724 1780 iuventutem
2759 1737 2985 1780 accur-

508 1816 673 1896 rere
721 1834 968 1895 narrat.
1040 1828 1240 1894 Redit
1285 1830 1487 1912 igitur
1534 1830 1752 1894 Cicero
1802 1830 1887 1894 ab
1936 1830 2125 1895 initio
2172 1852 2413 1915 pugnae
2460 1829 2546 1895 ad
2579 1835 2985 1896 armatorum

537 1945 1102 2025 convocationem,
1153 1966 1367 2029 neque
1406 1966 1637 2010 vocem
1692 1950 1795 2031 „in
1828 1945 2106 2011 comiti0“
2159 1967 2273 2031 pro
2329 1951 2430 2031 „in
2464 1944 2659 2027 f0ro“
2697 1947 2983 2032 positam

535 2082 680 2126 esse
729 2059 1144 2142 credendum,
1195 2059 1312 2125 sed
1359 2059 1793 2126 statuendum
1843 2065 1964 2142 est,
2023 2060 2108 2126 M.
2144 2061 2498 2126 Aemilium
2547 2083 2696 2126 cum
2743 2065 2982 2127 senatu

535 2177 613 2241 in
683 2176 1091 2241 comitium
1161 2176 1651 2241 convenisse.
1770 2176 2064 2256 Quocum
2145 2177 2446 2259 congruit
2517 2176 2701 2242 locus
2760 2176 2984 2242 Valeri

535 2292 808 2358 Maximi
858 2292 1072 2376 (111,2,
1113 2292 1214 2377 18)
1265 2312 1461 2377 quem
1508 2312 1542 2356 e
1592 2291 1899 2356 Cicerone
1946 2292 2225 2356 fluxisse
2274 2292 2390 2357 sed
2436 2292 2773 2358 rhetorum
2805 2314 2984 2358 more

534 2412 928 2473 exornatum
976 2428 1121 2472 esse
1168 2406 1481 2472 Klebsius
1531 2406 2080 2493 (Pauly-Wiss.1,
2130 2407 2281 2494 585)
2329 2411 2554 2493 putat:

534 2523 710 2590 Val.:
736 2525 958 2591 ultima
980 2529 1277 2590 senectute
1294 2524 1345 2605 ²)
1365 2520 1706 2604 confectum
1819 2523 1972 2589 Cic.:
2020 2523 2331 2605 confectus
2360 2530 2675 2602 senectute,
2697 2526 2984 2607 perditus

621 2647 678 2706 et
697 2662 880 2722 poene
904 2642 1213 2721 dilapsum
1238 2660 1461 2721 corpus
1512 2690 1701 2704 .....
1905 2640 2114 2705 morbo
2164 2690 2980 2706 ...................

620 2757 852 2838 spiculo
901 2755 1191 2841 innixusf
1198 2805 1700 2820 ............
1904 2756 2118 2820 hastili
2161 2761 2352 2821 nixus
2387 2806 2979 2822 ..............

620 2878 764 2938 ante
797 2869 981 2951 fores
1025 2875 1214 2936 curiae
1260 2875 1545 2935 constitit.
1905 2874 2259 2936 ostenderet.

746 2986 1010 3051 Valerio
1061 2986 1435 3050 Ciceronem
1482 2989 1716 3050 notum
1764 2985 1972 3050 fuisse
2036 2987 2264 3069 negari
2311 2987 2561 3070 nequit,
2619 2988 2981 3071 praesertim

557 3127 705 3169 cum
758 3126 905 3189 quse
956 3103 1034 3168 de
1084 3101 1433 3168 Scaevola
1482 3102 1699 3167 Cicero
1747 3102 2058 3188 proferat,
2109 3102 2397 3169 Scauro
2431 3105 2830 3184 tribuantur,
2867 3103 2983 3169 sed

531 3224 766 3306 praeter
826 3219 1202 3284 Ciceronem
1262 3218 1466 3283 alium
1528 3218 1783 3283 fontem
1845 3240 1996 3282 eum
2068 3218 2452 3284 adhibuisse
2522 3222 2705 3306 puto.
2809 3218 2979 3284 Nam

533 3334 757 3419 Equiti
827 3333 1158 3415 designati
1228 3334 1478 3398 tribuni
1547 3332 1632 3419 pl.
1703 3355 1946 3398 nomen
2007 3334 2076 3398 in
2148 3335 2445 3399 oratione
2505 3356 2618 3420 pro
2688 3334 2978 3416 RabiriO,

533 3449 798 3535 qualem
845 3470 967 3513 nos
1015 3453 1340 3531 tenemus,
1391 3470 1524 3513 non
1557 3453 1802 3531 exstat,
1853 3470 2066 3533 neque
2100 3449 2168 3513 in
2201 3449 2461 3531 integra
2492 3450 2979 3533 inveniebatur,

750 3712 787 3777 ¹)
826 3712 906 3763 De
948 3711 1149 3763 Scauro
1190 3717 1241 3762 et
1281 3710 1519 3762 Scaevola
1557 3711 1821 3775 copiosius
1849 3710 2035 3762 Cicero
2064 3727 2161 3776 pro
2193 3710 2325 3762 Rab.
2355 3710 2419 3762 21
2451 3716 2653 3763 narrat.
2706 3709 2981 3776 Claudiae,

534 3802 649 3853 sine
688 3801 853 3853 dubio
894 3801 982 3851 ille
1024 3800 1078 3852 C.
1109 3799 1364 3852 Claudius
1401 3801 1492 3866 qui
1532 3814 1628 3865 pro
1666 3798 1802 3851 Rab.
1831 3798 1897 3850 21
1939 3797 2208 3863 laudatur,
2247 3815 2367 3850 cum
2407 3814 2469 3850 eo
2495 3797 2725 3852 fortasse
2765 3799 2983 3851 coniun-

531 3889 738 3955 gendas
779 3896 873 3954 est,
915 3890 1066 3940 cuius
1115 3904 1142 3940 e
1191 3887 1345 3941 domo
1385 3887 1679 3940 secundum
1719 3887 1965 3939 Orosium
2005 3886 2067 3952 V,
2096 3888 2235 3952 17,9
2276 3887 2502 3939 Glaucia
2542 3894 2847 3954 protractus
2885 3896 2977 3939 est.

528 3978 734 4031 Nomen
789 3979 951 4029 etiam
1007 3978 1063 4028 in
1115 3978 1263 4028 brevi
1302 3977 1454 4029 Orosi
1505 3976 1819 4028 narratione
1871 3983 2159 4042 servatum,
2211 3977 2368 4043 plura
2416 3976 2482 4028 de
2533 3991 2593 4029 eo
2636 3978 2811 4028 relata
2850 3992 2980 4042 esse,

529 4067 745 4132 indicat,
799 4068 1132 4132 maximeque
1187 4068 1363 4132 placet
1413 4066 1481 4118 ab
1532 4083 1594 4119 eo
1634 4067 1748 4132 ipso
1789 4064 2066 4117 Glauciam
2120 4068 2353 4118 occisum
2407 4082 2535 4118 esse.
2611 4065 2846 4116 Dubium
2886 4071 2980 4129 est,

530 4164 712 4207 utrum
750 4156 1031 4207 Metellum
1071 4156 1256 4208 Cicero
1294 4157 1603 4223 intellegat3
1642 4156 1825 4222 plures
1864 4153 2157 4220 significari
2196 4171 2449 4207 numerus
2476 4155 2701 4222 pluralis
2728 4153 2981 4220 „Scauri‚

534 4243 755 4310 Claudi,
798 4243 1020 4298 (ἶνιιΜία
1060 4244 1127 4297 de
1168 4246 1390 4312 singulis
1417 4246 1544 4297 viris
1571 4244 1843 4297 adhibitus
1870 4242 2101 4296 fortasse
2129 4251 2272 4296 vetat
2300 4246 2636 4297 existimare:
2676 4242 2791 4309 (sed
2819 4244 2976 4294 etiam

530 4333 597 4386 de
635 4332 841 4387 duobus
880 4333 1131 4387 Scaevolis
1171 4336 1505 4401 cogitaveris)
1557 4334 1791 4386 occurrit
1841 4348 1965 4385 vero
2017 4333 2074 4385 L.
2112 4333 2364 4385 Metellus
2405 4349 2501 4398 pro
2538 4332 2673 4386 Rab.
2702 4332 2767 4385 21
2807 4333 2979 4399 primo

529 4424 645 4476 loco
722 4424 904 4476 osituS.

684 4440 718 4490 p
743 4510 784 4578 2)
824 4527 1027 4564 annum
1066 4512 1259 4578 agebat
1287 4511 1515 4563 Scaurus
1549 4491 1939 4578 sexagesimum
1966 4512 2219 4563 tertium:
2260 4512 2437 4562 Ascon
2467 4511 2522 4562 in
2549 4509 2719 4563 Scaur
2756 4525 2806 4576 p.
2830 4510 2979 4563 2011.
