3485 5069
1479 348 1833 402 -97-

433 529 714 594 sationis
747 531 975 594 autem
1009 548 1279 593 causam
1313 547 1448 592 non
1480 525 1696 590 solum
1721 545 1961 608 „vocem
1985 526 2193 592 illam“
2223 546 2265 590 a
2290 524 2553 590 Valerio
2578 523 2880 607 relatam,

433 643 549 709 sed
579 646 810 747 ‘totam
857 643 1183 709 rationem
1253 641 1520 725 gerendi
1588 642 1974 707 tribunatus
2044 640 2254 706 fuisse
2318 640 2720 706 arbitramur
2778 639 2880 727 (cf.

431 759 607 824 infra
654 758 733 824 de
779 759 913 824 Titi
959 757 1260 846 causa).¹)

646 873 835 955 Quod
880 874 1269 940 triennium:

551 991 597 1056 I.
646 990 803 1055 Furi
896 990 964 1055 in
1012 989 1373 1057 ,Metellum
1450 989 1751 1055 actiones
1824 988 2027 1075 (Oros,
2084 990 2297 1076 App.),
2370 988 2457 1054 ad
2527 988 2885 1075 optimates

645 1106 971 1171 transitus
1022 1104 1299 1192 (rogatio
1348 1104 1427 1172 de
1473 1106 1709 1190 bonis).

522 1221 597 1287 II.
638 1222 887 1287 Furius
935 1244 977 1287 a
1022 1222 1312 1287 Deciano
1360 1224 1719 1288 accusatus
1768 1221 2161 1304 absolvitur,
2224 1244 2266 1288 a
2313 1220 2626 1288 Canuleio
2689 1242 2884 1287 accu-

646 1340 838 1403 satus
884 1337 1298 1403 interficitur.

492 1454 598 1519 III.
647 1453 922 1519 Deciani
970 1474 1193 1519 causa.

648 1569 843 1634 annis
893 1570 998 1652 99,
1049 1570 1154 1651 98,
1227 1570 1311 1634 97
1374 1569 1695 1634 contineri
1758 1567 1878 1656 (ita
1923 1569 2129 1635 etiam
2175 1567 2423 1652 Ziegler
2459 1568 2501 1634 l.
2535 1565 2576 1635 I.
2613 1590 2716 1655 pg.
2755 1568 2883 1656 15.)

435 1685 650 1750 multa
710 1687 815 1750 est
858 1663 1295 1770 probabilitas
1358 1681 1462 1770 (cf.
1513 1664 1836 1768 Orosium,
1887 1685 1999 1769 qui
2045 1684 2203 1750 Furi
2248 1685 2659 1768 rogationem
2710 1684 2885 1750 sedi-

435 1800 755 1866 tiosorum
805 1799 965 1865 caedi
1044 1800 1438 1888 subnectit),
1520 1801 1829 1885 quamvis
1924 1803 2319 1883 argumenta
2411 1799 2883 1866 desiderentur.

434 1917 654 2001 Atque
703 1916 990 1981 maxime
1036 1914 1284 1981 Metelli
1326 1915 1682 1999 restitutio,
1734 1936 2020 2000 quacum
2066 1914 2194 1981 illae
2229 1937 2448 1981 causae
2481 1918 2623 1981 arte
2670 1916 2885 1982 cohae-

433 2035 601 2114 rent,
652 2031 895 2117 optime
964 2031 1063 2096 ita
1132 2031 1516 2117 explicatur.
1634 2031 1885 2117 Quippe
1956 2032 2087 2116 qui,
2160 2034 2515 2117 postquam
2586 2031 2748 2097 Cato
2819 2034 2888 2098 et

434 2147 786 2233 Pompeius
810 2148 852 2234 ²)
902 2146 1105 2234 (Oros,
1133 2146 1213 2230 V,
1264 2148 1502 2234 17,11)
1551 2147 2019 2212 resistentibus
2067 2147 2272 2213 Mario
2322 2150 2391 2212 et
2435 2147 2632 2211 Furio
2680 2146 2883 2233 (Oros

435 2263 475 2328 l.
509 2262 550 2328 l.
587 2262 759 2328 Plut.
793 2284 898 2348 pg.
935 2262 1085 2345 363,
1127 2263 1239 2345 133
1284 2264 1450 2349 App.
1484 2263 1531 2346 I,
1567 2264 1652 2327 33
1700 2261 1741 2349 ἓ
1779 2264 1903 2327 147
1937 2284 2040 2349 pg.
2074 2263 2184 2350 40)
2245 2262 2497 2328 frustra
2545 2262 2623 2327 de
2671 2262 2886 2329 reditu

436 2377 523 2443 ad
566 2376 881 2464 populum
929 2378 1246 2461 tulerunt,
1297 2377 1550 2443 Calidia
1596 2377 1862 2444 demum
1908 2379 2251 2460 rogatione
2274 2377 2318 2466 ³)
2374 2378 2728 2444 restitutus
2785 2381 2889 2443 est

435 2494 505 2559 in
536 2493 842 2580 patriam.
903 2493 1104 2560 Cuius
1138 2514 1377 2576 annus,
1414 2492 1492 2559 de
1518 2514 1648 2579 quo
1683 2493 1863 2581 apud
1895 2494 2073 2561 viros
2107 2492 2336 2560 doctos
2367 2514 2503 2559 non
2536 2497 2803 2560 constat
2818 2493 2887 2582 4),

440 2609 700 2675 definiri
747 2613 989 2696 potest.
1061 2608 1389 2675 Diodorus
1425 2610 1599 2674 enim
1633 2609 1933 2692 XXXVI,
1973 2613 2054 2675 16
2101 2609 2267 2676 talia
2312 2609 2548 2674 habet:
2596 2607 2730 2696 περὶ
2774 2614 2893 2696 τῆς

436 2729 542 2791 τοῦ
577 2726 886 2793 Μετέλλου
934 2724 1130 2813 φυγῆς
1175 2722 1259 2791 ἐπ’
1315 2723 1427 2809 ἔτη
1474 2725 1575 2791 δύο
1606 2727 1929 2810 γινομένων
1959 2723 2149 2809 λόγων
2181 2728 2359 2790 κ.τ.λ.
2411 2724 2628 2791 Cicero
2662 2729 2888 2791 autem

439 2839 612 2927 (post
642 2840 775 2907 red.
826 2840 914 2907 ad
947 2841 1105 2921 Quir
1134 2844 1248 2907 11:
1296 2844 1369 2908 de
1417 2843 1488 2923 Q.
1524 2843 1769 2907 Metello
1817 2864 1891 2907 ne
1936 2846 1990 2906 is
2035 2843 2296 2922 quidem,
2344 2845 2451 2922 qm·
2495 2848 2735 2907 secutus
2780 2847 2887 2917 est,

438 2959 530 3023 M.
564 2960 875 3024 Antonius
920 2979 1057 3023 cum
1101 2958 1180 3022 A.
1216 2958 1440 3023 Albino
1509 2958 1734 3042 colleqa
1801 2963 2088 3023 senatum
2147 2963 2261 3023 aut
2308 2958 2616 3039 populum
2662 2963 2750 3022 est
2795 2977 2888 3021 co-

438 3075 750 3150 hortatus)
798 3073 958 3137 anni
1005 3074 1089 3137 99
1137 3072 1515 3155 rogationes
1561 3072 1784 3138 irritas
1818 3071 2027 3137 fuisse
2059 3074 2351 3137 testatur
2381 3072 2499 3154 ita,
2559 3074 2637 3136 ut
2683 3070 2890 3136 Calidi

657 3232 697 3299 ¹)
734 3233 921 3286 Valeri
960 3233 1124 3285 verba
1153 3234 1338 3299 spuria
1365 3243 1514 3285 sunt:
1532 3248 1768 3300 „poenas
1794 3231 2057 3285 addicta-s
2086 3231 2393 3299 pependit“
2433 3246 2605 3296 neque
2645 3232 2697 3282 in
2737 3247 2890 3283 usum

439 3322 760 3375 iudiciorum
788 3322 1128 3389 (Mommsen,
1149 3320 1454 3374 Strafrecht
1478 3322 1580 3374 491
1603 3325 1700 3387 sq.)
1726 3337 1899 3387 neque
1926 3322 1978 3372 in
2008 3323 2178 3388 legem
2200 3320 2497 3372 Remmiam
2519 3322 2562 3384 (l
2603 3321 2635 3372 l.
2659 3336 2741 3386 pg.
2763 3321 2891 3382 495)

438 3412 687 3478 quadrat.
764 3412 878 3463 Aut
930 3409 1069 3462 fonti
1121 3413 1271 3463 nulla
1322 3409 1428 3463 fide
1480 3411 1641 3476 digno
1692 3416 1788 3462 aut
1825 3411 1990 3477 ipsius
2029 3411 2381 3476 neglegentiae
2421 3410 2709 3461 tribuenda
2747 3417 2887 3461 sunt.

398 3549 401 3552 .
438 3501 583 3567 Lege
622 3501 894 3568 Appuleia
930 3499 996 3552 de
1037 3501 1316 3552 maiestate
1357 3516 1478 3551 eum
1517 3506 1826 3551 accusatum
1865 3515 1977 3551 esse
2017 3499 2217 3564 Lengle
2256 3499 2288 3550 l.
2320 3498 2448 3552 1.32
2493 3499 2621 3550 vult.
2699 3497 2890 3550 Nonne

440 3598 636 3656 autem,
663 3589 805 3656 quod
831 3589 941 3640 Titi
958 3605 1174 3641 causam
1191 3590 1452 3656 expressis
1467 3588 1644 3640 verbis
1664 3588 1732 3640 ab
1756 3588 2025 3653 equitibus
2063 3588 2355 3639 iudicatam
2394 3603 2505 3639 esse
2533 3587 2719 3639 Cicero
2744 3586 2892 3653 dicit,

390 3715 397 3720 -
439 3678 668 3731 Deciani
719 3678 863 3744 apud
916 3678 1174 3745 populum
1226 3685 1403 3730 actam
1454 3693 1567 3729 esse
1607 3676 1910 3743 significare
1948 3677 2165 3744 potest?
2205 3674 2273 3728 cf.
2303 3676 2467 3727 verba
2508 3676 2576 3742 ,in
2607 3677 2891 3729 contione‘.

440 3766 592 3833 Quod
631 3769 674 3819 si
714 3767 979 3834 concediS,
1018 3783 1115 3834 pro
1153 3768 1419 3818 communi
1457 3782 1618 3818 causa
1656 3766 1945 3818 tribunicia
1983 3781 2047 3817 ea
2083 3764 2336 3817 habenda
2370 3773 2465 3817 est.

654 3855 696 3921 ²)
735 3856 869 3909 Cato
923 3854 1150 3908 fortasse
1198 3856 1259 3922 is,
1298 3871 1455 3921 quem
1508 3854 1644 3907 Gell.
1684 3854 1943 3921 X111‚20,
1965 3855 2031 3906 14
2070 3853 2346 3905 tribunum
2385 3853 2541 3920 dicit3
2580 3861 2708 3906 ante
2748 3869 2794 3906 a.
2824 3854 2890 3908 91

441 3952 682 3998 mortuus
735 3952 815 3997 est
864 3945 1021 3996 «Plut.
1052 3945 1165 3997 Cat.
1195 3945 1321 3996 min.
1351 3945 1436 4012 1);
1489 3944 1647 3996 aliter
1697 3944 1871 4011 Pauly
1909 3942 1971 3994 R.
2003 3943 2063 3995 E.
2088 3942 2150 3994 V.
2180 3942 2315 3995 1911
2359 3951 2413 3994 et
2450 3943 2665 4008 Ziegler
2708 3929 2798 4009 pgs
2826 3944 2892 3995 14

440 4034 714 4103 iudicant,
753 4034 820 4086 de
860 4034 1114 4100 Pompeio
1154 4031 1221 4085 cf.
1250 4034 1464 4098 Ziegler
1500 4048 1585 4099 pg.
1608 4034 1690 4085 15.

655 4124 699 4188 ³)
740 4122 846 4178 Cic,
887 4129 1005 4189 post
1042 4122 1153 4174 red.
1194 4122 1279 4174 ad.
1319 4138 1428 4174 sen.
1470 4123 1539 4175 38
1577 4122 1916 4187 „tribunicia
1954 4122 2206 4189 royatio“
2245 4136 2343 4187 pro
2371 4121 2591 4173 Plancio
2618 4120 2686 4174 69
2725 4121 2892 4185 (unde

441 4210 622 4263 hausit
669 4211 786 4263 Val.
831 4212 975 4263 MaX.
1003 4210 1068 4277 V,
1105 4211 1155 4278 2,
1182 4211 1235 4278 8,
1286 4208 1355 4262 cf.
1387 4210 1471 4276 lV,
1498 4211 1546 4277 1,
1574 4211 1663 4276 13)
1715 4211 1780 4262 ad
1824 4208 1951 4261 fam.
1981 4210 2021 4276 Ι,
2048 4210 2098 4276 9,
2125 4211 2194 4263 16
2244 4216 2384 4261 auct.
2413 4210 2480 4261 de
2508 4212 2604 4262 vir.
2633 4210 2707 4262 ill.
2736 4209 2821 4275 62,
2841 4209 2891 4262 3.

655 4299 694 4364 ⁴)
732 4300 814 4352 De
863 4316 1005 4352 anno
1058 4300 1126 4352 99
1178 4300 1415 4365 cogitant
1452 4299 1685 4352 Munzer
1719 4299 1891 4351 P.-W.
1930 4299 2025 4364 III,
2063 4299 2202 4353 1318
2223 4315 2318 4366 sq,
2362 4299 2515 4352 1354.
2589 4299 2893 4350 Drumann-

443 4389 638 4441 Groebe
678 4389 767 4455 11.,
806 4406 889 4456 pg.
919 4390 1002 4443 20.
1054 4389 1370 4454 Mommsen,
1410 4387 1713 4441 Strafrecht
1752 4406 1837 4455 pg.
1868 4390 1990 4455 482,
2010 4390 2058 4441 4.
2136 4387 2395 4455 Reinach,
2434 4387 2749 4439 Mithridate
2789 4386 2893 4437 Eu-

444 4485 603 4544 pator
642 4494 726 4545 pg.
755 4478 837 4538 99,
878 4477 999 4530 adn.
1027 4478 1090 4544 43
1129 4477 1195 4529 de
1235 4493 1376 4530 anno
1415 4478 1484 4532 98
1521 4477 1734 4544 Ziegler
1772 4478 1804 4529 l.
1834 4479 1867 4529 l.
1895 4494 1979 4544 pg.
2009 4479 2091 4531 15.

2717 4585 2749 4637 7
