3485 5069
1597 284 1953 338 -23-

550 487 671 531 non
733 470 866 531 iure
925 471 1211 550 royatam
1270 484 1392 529 esse
1453 466 1766 528 indicarat
1794 512 1806 525 .
1839 514 1851 527 .
1882 510 1938 527 ..
2000 465 2073 528 de
2128 467 2371 528 civitate
2418 464 2639 527 maluit
2684 484 2871 544 quam
2931 464 3003 528 de

549 586 846 647 sententia
892 581 1234 645 demover2'“
1287 577 1609 644 indicant:
1673 599 1823 642 cum
1885 577 2088 642 semel
2147 578 2216 642 in
2275 577 2488 659 legem
2528 599 2663 642 non
2712 578 2851 642 iure
2897 599 3002 643 ro-

550 699 777 779 gatam
812 716 956 760 sese
989 695 1362 759 iuraturum
1395 715 1540 759 esse
1575 697 1906 776 negasset,
1955 715 2050 779 po
2070 697 2258 759 stea
2305 693 2709 758 sententiam
2743 696 3003 758 mutare

549 811 782 876 noluit.
878 808 1216 890 Quomodo
1280 813 1509 875 autem
1571 808 1650 873 de
1713 809 2068 891 sententia,
2132 830 2333 893 quam
2402 812 2675 891 rogatus
2748 808 3002 889 (statim

549 930 700 1012 post
747 925 1051 990 consules
1101 925 1377 990 censorii
1410 925 1816 990 sententiam
1850 924 2186 990 dicebant:
2233 924 2602 989 Mommsen
2646 923 2857 989 St.-R.
2894 923 3001 1005 III,

549 1043 699 1129 967)
757 1042 827 1105 in
884 1044 1126 1106 senatu
1184 1039 1264 1105 de
1321 1040 1459 1105 iure
1507 1039 1786 1106 iurando
1843 1039 2218 1126 praestando
2275 1040 2507 1105 habito
2556 1039 2822 1127 tulerat,
2890 1038 3003 1103 de-

548 1158 796 1223 moveri
844 1156 1151 1242 potuerit,
1216 1156 1475 1221 duobus
1524 1155 1736 1221 modis
1793 1156 2118 1242 explicare
2165 1156 2342 1221 licet:
2405 1159 2545 1237 aut,
2610 1177 2759 1221 cum
2807 1176 3002 1220 sena-

548 1277 743 1355 toreS,
794 1273 906 1356 qui
952 1276 1105 1358 post
1153 1293 1305 1337 eum
1353 1271 1682 1353 dicebant,
1732 1293 1868 1337 non
1917 1274 1993 1337 ut
2039 1276 2442 1357 speraverat,
2493 1273 2560 1336 in
2610 1292 2803 1336 suam
2851 1291 3002 1335 sen-

548 1389 830 1454 tentiam
879 1391 1115 1453 euntes
1162 1387 1437 1470 videret,
1496 1388 1624 1452 nisi
1672 1387 2055 1452 constantia
2110 1386 2210 1473 (ut
2265 1408 2387 1452 nos
2447 1385 2805 1451 dixerimus
2854 1407 3001 1472 per-

548 1504 816 1591 tinacia)
866 1524 1018 1568 eum
1064 1502 1538 1589 impedivisset,
1590 1503 1731 1568 sine
1781 1502 2094 1568 dedecore
2143 1504 2375 1568 ceteris
2424 1502 2648 1568 cedere
2685 1506 2753 1567 et
2783 1503 2999 1566 iurare

546 1622 832 1705 poterat3
882 1623 1003 1684 aut
1051 1619 1350 1703 obsequii
1395 1618 1685 1684 facultas
1734 1619 1940 1684 etiam
1987 1622 2138 1704 post
2182 1618 2609 1684 intervallum
2651 1618 2793 1701 lege
2843 1639 3000 1683 con-

548 1735 862 1800 stitutum
910 1734 1012 1822 (cf.
1047 1735 1222 1799 infra
1268 1735 1373 1817 III,
1410 1735 1493 1822 3),
1545 1757 1695 1799 cum
1740 1735 1875 1799 iam
1924 1733 2288 1800 adversarii
2350 1756 2503 1800 eum
2564 1738 2999 1800 accusassent

547 1855 669 1916 aut
715 1854 888 1916 certe
936 1851 1430 1915 accusationem
1479 1850 1965 1933 minitarentur,
2016 1852 2101 1915 ab
2150 1850 2433 1916 inimicis
2464 1851 2563 1916 ita
2596 1851 2655 1916 ei
2689 1850 2997 1933 dabatur,

547 1970 624 2031 ut
671 1988 889 2032 causae
951 1967 1281 2031 actionem
1338 1966 1543 2058 etiam
1603 1970 1749 2031 tum
1809 1967 2024 2032 vitare
2085 1969 2331 2052 posset.
2426 1969 2647 2051 Atque
2708 1966 3001 2053 profecto

545 2082 717 2168 prior
764 2081 1135 2167 explicatio,
1186 2104 1320 2166 qua
1365 2082 1586 2165 legum
1633 2083 1959 2147 severitas
2007 2083 2265 2148 intacta
2292 2084 2542 2165 manet,
2590 2081 2800 2163 alteri,
2852 2104 3001 2167 quae

544 2201 815 2283 pactum
862 2196 1195 2281 quoddam
1242 2198 1414 2262 inter
1446 2197 1785 2263 Metellum
1827 2199 2260 2282 inimicosque
2294 2198 2556 2279 statuit,
2605 2197 2799 2279 longe
2832 2218 3000 2282 11166-

544 2312 818 2378 ferenda
865 2316 987 2378 est.

757 2429 1031 2510 Fugam,
1097 2449 1505 2512 quamquam
1564 2450 1700 2494 non
1759 2429 2091 2515 improbat
2152 2428 2427 2511 Tullius,
2494 2430 2716 2494 nimiae
2777 2429 2999 2511 gloriae

545 2549 770 2611 nostro
831 2545 972 2610 1060
1036 2545 1095 2609 61
1158 2566 1291 2610 11011
1351 2546 1574 2628 vertit,
1643 2567 1793 2610 cum
1854 2545 2031 2628 dicit,
2090 2568 2261 2627 eum,
2313 2547 2370 2611 si
2418 2545 2764 2611 cecidisset
2819 2568 2998 2623 „cum

543 2664 824 2728 dedecore
855 2670 1209 2739 casurum“,
1244 2662 1300 2725 si
1326 2662 1395 2725 in
1428 2662 1588 2726 urbe
1620 2662 1983 2727 mansisset
2015 2661 2562 2745 adversariosque
2597 2666 2997 2747 superasset,

542 2779 794 2860 „multis
825 2775 1110 2857 fortibus
1168 2781 1376 2842 ccesz's“
1427 2777 1468 2841 i.
1498 2798 1552 2841 e.
1598 2799 1748 2842 cum
1797 2778 2090 2842 civitatis
2156 2776 2339 2842 clade
2386 2778 2720 2843 victurum
2766 2778 2993 2843 fuisse.

545 2893 776 2976 Cessit,
827 2891 1192 2958 secundum
1240 2893 1635 2976 Ciceronem,
1694 2895 1853 2978 quia
1900 2897 2176 2959 senatus
2224 2898 2447 2980 partes
2497 2894 2639 2959 eius
2688 2894 2996 2959 deseruit.

756 3008 1015 3094 Optime
1065 3010 1367 3091 congruit
1428 3031 1577 3074 cum
1635 3009 1762 3074 hoc
1807 3009 1947 3075 loco
1995 3009 2330 3092 iudicium,
2381 3009 2557 3094 quod
2605 3008 2683 3074 de
2731 3008 2994 3073 Metello

542 3124 707 3189 facit
765 3125 835 3187 in
897 3125 1195 3189 oratione
1252 3146 1366 3210 pro
1428 3124 1696 3190 Plancio
1748 3125 1897 3212 (89),
1964 3126 2077 3189 ubi
2137 3125 2450 3190 laudibus
2513 3146 2665 3190 eum
2712 3124 2998 3189 efferens

544 3238 730 3323 („non
763 3238 970 3321 fuisse
1016 3241 1288 3318 dubium,
1337 3245 1483 3323 quin
1516 3246 1893 3307 contentione
1938 3248 1994 3308 et
2035 3246 2230 3308 armis
2259 3247 2545 3324 superior
2573 3248 2782 3323 posset
2811 3248 2995 3318 esse“,

544 3355 869 3421 Sestianae
913 3354 1415 3443 contradicens)
1464 3357 1563 3422 ita
1602 3360 1830 3421 tamen
1862 3358 2097 3443 pergit:
2144 3379 2328 3442 „erqo
2362 3360 2458 3423 ille
2489 3379 2626 3423 cnm
2655 3377 2838 3422 suum
2869 3378 2993 3421 non

541 3493 677 3566 cum
722 3477 973 3537 senatus
1003 3470 1258 3551 sactum
1304 3471 1672 3553 defenderet,
1727 3495 1864 3538 cnm
1911 3478 2443 3555 perseverantiam
2488 3477 2799 3538 sententioe
2844 3494 2992 3550 succ,

540 3564 663 3651 non
709 3588 970 3653 salutem
1018 3591 1109 3653 rei
1145 3589 1406 3669 publica?
1454 3593 1842 3654 retinuisset“
1892 3610 1946 3653 e.
1966 3610 2027 3673 q.
2057 3611 2107 3653 5.

755 3700 1002 3767 Eodem
1071 3702 1211 3767 loco
1283 3705 1421 3789 (pro
1492 3703 1708 3768 Sestio
1780 3704 1886 3791 37)
1966 3704 2511 3786 Saturninum,
2592 3703 2992 3789 optimatum

541 3817 931 3881 acerrimum
1000 3818 1339 3882 inimicum
1412 3823 1521 3884 sat
1578 3818 1920 3884 moderate
1990 3819 2207 3884 Cicero
2271 3822 2761 3901 commemorat,
2826 3820 2995 3902 vigi-

540 3931 813 4015 lantem,
846 3937 1111 4015 gratum
1143 3935 1403 4021 populo,
1437 3936 1859 4001 innocentem
1893 3935 2260 4021 appellans,
2294 3956 2578 4019 quocum
2618 3935 2997 4001 conferatur

540 4045 580 4132 ξ
634 4048 779 4113 105.
854 4050 1095 4132 Atque,
1147 4053 1223 4115 ut
1270 4049 1490 4116 Clodio
1540 4051 1847 4133 obiceret,
1895 4051 2253 4116 honestum
2285 4050 2462 4116 illius
2512 4050 2597 4116 ad
2643 4051 2995 4137 populares

539 4163 919 4247 transitum,
955 4162 1216 4230 adiecta
1248 4166 1457 4231 tacita
1488 4166 1979 4252 vituperatione
2021 4190 2292 4251 „maqna
2324 4172 2700 4232 contentione
2731 4171 2993 4244 animi“,

538 4300 651 4363 pro
687 4278 903 4344 Sestio
939 4281 1022 4343 39
1057 4284 1125 4345 61
1158 4279 1237 4345 de
1270 4281 1412 4347 har.
1446 4303 1614 4367 resp.
1648 4283 1736 4344 43
1772 4282 2015 4364 tangit3
2050 4304 2196 4366 quae
2230 4283 2567 4348 sententia
2600 4282 2758 4367 quia
2791 4281 2993 4348 Grac-

540 4394 810 4460 chorum
844 4395 1219 4481 Sulpicique
1270 4418 1311 4461 a
1358 4397 1711 4463 nobilitate
1761 4396 2214 4463 deficientium
2260 4399 2553 4463 rationes
2588 4397 2818 4463 eodem
2850 4398 2991 4464 1060
