<?xml version="1.0" encoding="UTF-8"?>
<!DOCTYPE html PUBLIC "-//W3C//DTD XHTML 1.0 Transitional//EN"
    "http://www.w3.org/TR/xhtml1/DTD/xhtml1-transitional.dtd">
<html xmlns="http://www.w3.org/1999/xhtml" xml:lang="en" lang="en">
 <head>
  <title>
</title>
<meta http-equiv="Content-Type" content="text/html;charset=utf-8" />
  <meta name='ocr-system' content='tesseract 3.04.00' />
  <meta name='ocr-capabilities' content='ocr_page ocr_carea ocr_par ocr_line ocrx_word'/>
</head>
<body>
  <div class='ocr_page' id='page_1' title='image "./delappuleiosatu01mhgoog_0077.png"; bbox 0 0 3485 5069; ppageno 0'>
   <div class='ocr_carea' id='block_1_1' title="bbox 1564 351 1919 404">
    <p class='ocr_par' dir='ltr' id='par_1_1' title="bbox 1564 351 1919 404">
     <span class='ocr_line' id='line_1_1' title="bbox 1564 351 1919 404; baseline 0 -15"><span class='ocrx_word' id='word_1_1' title='bbox 1564 351 1919 404; x_wconf 76' lang='grc'>-69-</span> 
     </span>
    </p>
   </div>
   <div class='ocr_carea' id='block_1_2' title="bbox 517 525 2972 1311">
    <p class='ocr_par' dir='ltr' id='par_1_2' title="bbox 517 525 2968 733">
     <span class='ocr_line' id='line_1_2' title="bbox 517 525 2968 617; baseline -0.003 -20"><span class='ocrx_word' id='word_1_2' title='bbox 517 531 607 597; x_wconf 91' lang='lat' dir='ltr'>de</span> <span class='ocrx_word' id='word_1_3' title='bbox 656 553 902 597; x_wconf 91' lang='lat' dir='ltr'>causa</span> <span class='ocrx_word' id='word_1_4' title='bbox 935 531 1186 617; x_wconf 85' lang='lat' dir='ltr'>Caepio</span> <span class='ocrx_word' id='word_1_5' title='bbox 1219 551 1397 595; x_wconf 89' lang='lat' dir='ltr'>reus</span> <span class='ocrx_word' id='word_1_6' title='bbox 1429 529 1696 594; x_wconf 87' lang='lat' dir='ltr'>factus</span> <span class='ocrx_word' id='word_1_7' title='bbox 1730 528 1838 610; x_wconf 91' lang='lat' dir='ltr'>sit,</span> <span class='ocrx_word' id='word_1_8' title='bbox 1874 528 2208 613; x_wconf 85' lang='lat' dir='ltr'>quaeritur,</span> <span class='ocrx_word' id='word_1_9' title='bbox 2252 525 2428 612; x_wconf 89' lang='lat' dir='ltr'>quod</span> <span class='ocrx_word' id='word_1_10' title='bbox 2458 526 2633 591; x_wconf 91' lang='lat' dir='ltr'>inter</span> <span class='ocrx_word' id='word_1_11' title='bbox 2664 528 2968 592; x_wconf 72' lang='lat' dir='ltr'>auctores</span> 
     </span>
     <span class='ocr_line' id='line_1_3' title="bbox 518 646 1374 733; baseline -0.001 -22"><span class='ocrx_word' id='word_1_12' title='bbox 518 646 1039 733; x_wconf 83' lang='lat' dir='ltr'>haudquaquam</span> <span class='ocrx_word' id='word_1_13' title='bbox 1090 648 1374 712; x_wconf 90' lang='lat' dir='ltr'>constat.</span> 
     </span>
    </p>

    <p class='ocr_par' dir='ltr' id='par_1_3' title="bbox 520 756 2972 1311">
     <span class='ocr_line' id='line_1_4' title="bbox 730 756 2970 848; baseline -0.003 -21"><span class='ocrx_word' id='word_1_14' title='bbox 730 763 784 827; x_wconf 90' lang='lat' dir='ltr'>E</span> <span class='ocrx_word' id='word_1_15' title='bbox 819 763 1061 848; x_wconf 90' lang='lat' dir='ltr'>quibus</span> <span class='ocrx_word' id='word_1_16' title='bbox 1093 763 1486 843; x_wconf 81' lang='lat' dir='ltr'>Timagenes</span> <span class='ocrx_word' id='word_1_17' title='bbox 1521 760 1783 847; x_wconf 85' lang='lat' dir='ltr'>(Strabo</span> <span class='ocrx_word' id='word_1_18' title='bbox 1817 759 1925 842; x_wconf 90' lang='lat' dir='ltr'>IV,</span> <span class='ocrx_word' id='word_1_19' title='bbox 1960 781 2064 846; x_wconf 87' lang='lat' dir='ltr'>pg.</span> <span class='ocrx_word' id='word_1_20' title='bbox 2098 759 2243 845; x_wconf 91' lang='grc'>188)</span> <span class='ocrx_word' id='word_1_21' title='bbox 2278 756 2569 844; x_wconf 75' lang='grc' dir='ltr'>ἱερόσυλον</span> <span class='ocrx_word' id='word_1_22' title='bbox 2600 757 2970 844; x_wconf 72' lang='lat' dir='ltr'>Caepionem</span> 
     </span>
     <span class='ocr_line' id='line_1_5' title="bbox 520 871 2969 962; baseline -0.002 -21"><span class='ocrx_word' id='word_1_23' title='bbox 520 876 703 960; x_wconf 79' lang='lat' dir='ltr'>dicit3</span> <span class='ocrx_word' id='word_1_24' title='bbox 738 877 1103 943; x_wconf 91' lang='lat' dir='ltr'>secundum</span> <span class='ocrx_word' id='word_1_25' title='bbox 1127 878 1391 943; x_wconf 90' lang='lat' dir='ltr'>Livium</span> <span class='ocrx_word' id='word_1_26' title='bbox 1418 880 1647 942; x_wconf 89' lang='lat' dir='ltr'>autem</span> <span class='ocrx_word' id='word_1_27' title='bbox 1673 876 1971 961; x_wconf 80' lang='lat' dir='ltr'>(Dionem</span> <span class='ocrx_word' id='word_1_28' title='bbox 2000 875 2302 941; x_wconf 88' lang='lat' dir='ltr'>Cassium</span> <span class='ocrx_word' id='word_1_29' title='bbox 2329 878 2397 940; x_wconf 88' lang='lat' dir='ltr'>et</span> <span class='ocrx_word' id='word_1_30' title='bbox 2421 874 2767 962; x_wconf 88' lang='lat' dir='ltr'>Orosium),</span> <span class='ocrx_word' id='word_1_31' title='bbox 2794 871 2969 958; x_wconf 94' lang='lat' dir='ltr'>quod</span> 
     </span>
     <span class='ocr_line' id='line_1_6' title="bbox 520 987 2969 1079; baseline -0.002 -22"><span class='ocrx_word' id='word_1_32' title='bbox 520 1014 555 1057; x_wconf 91' lang='lat' dir='ltr'>e</span> <span class='ocrx_word' id='word_1_33' title='bbox 587 991 810 1079; x_wconf 73' lang='lat' dir='ltr'>praeda</span> <span class='ocrx_word' id='word_1_34' title='bbox 840 994 1169 1058; x_wconf 88' lang='lat' dir='ltr'>immensa</span> <span class='ocrx_word' id='word_1_35' title='bbox 1200 1000 1334 1070; x_wconf 84' lang='grc' dir='ltr'>τοῖς</span> <span class='ocrx_word' id='word_1_36' title='bbox 1365 990 1521 1059; x_wconf 75' lang='grc' dir='ltr'>οἴκοι</span> <span class='ocrx_word' id='word_1_37' title='bbox 1549 992 1860 1078; x_wconf 81' lang='grc' dir='ltr'>Ρωμαίοις</span> <span class='ocrx_word' id='word_1_38' title='bbox 1888 1014 2099 1078; x_wconf 89' lang='lat' dir='ltr'>parva</span> <span class='ocrx_word' id='word_1_39' title='bbox 2130 988 2594 1056; x_wconf 89' lang='lat' dir='ltr'>tantummodo</span> <span class='ocrx_word' id='word_1_40' title='bbox 2629 1011 2781 1076; x_wconf 91' lang='lat' dir='ltr'>pars</span> <span class='ocrx_word' id='word_1_41' title='bbox 2822 987 2969 1054; x_wconf 92' lang='lat' dir='ltr'>red-</span> 
     </span>
     <span class='ocr_line' id='line_1_7' title="bbox 522 1103 2972 1194; baseline -0.002 -21"><span class='ocrx_word' id='word_1_42' title='bbox 522 1108 664 1173; x_wconf 91' lang='lat' dir='ltr'>dita</span> <span class='ocrx_word' id='word_1_43' title='bbox 729 1112 927 1193; x_wconf 90' lang='lat' dir='ltr'>esset,</span> <span class='ocrx_word' id='word_1_44' title='bbox 996 1110 1275 1194; x_wconf 84' lang='lat' dir='ltr'>quaestio</span> <span class='ocrx_word' id='word_1_45' title='bbox 1337 1109 1848 1175; x_wconf 79' lang='lat' dir='ltr'>instituebatur:</span> <span class='ocrx_word' id='word_1_46' title='bbox 1920 1129 2121 1193; x_wconf 91' lang='lat' dir='ltr'>quam</span> <span class='ocrx_word' id='word_1_47' title='bbox 2184 1107 2588 1172; x_wconf 88' lang='lat' dir='ltr'>sententiam</span> <span class='ocrx_word' id='word_1_48' title='bbox 2649 1103 2972 1170; x_wconf 84' lang='lat' dir='ltr'>nonnulla</span> 
     </span>
     <span class='ocr_line' id='line_1_8' title="bbox 520 1225 1268 1311; baseline 0.003 -23"><span class='ocrx_word' id='word_1_49' title='bbox 520 1228 914 1307; x_wconf 89' lang='lat' dir='ltr'>argumenta</span> <span class='ocrx_word' id='word_1_50' title='bbox 959 1225 1268 1311; x_wconf 92' lang='lat' dir='ltr'>probant:</span> 
     </span>
    </p>
   </div>
   <div class='ocr_carea' id='block_1_3' title="bbox 590 1356 2980 3646">
    <p class='ocr_par' dir='ltr' id='par_1_4' title="bbox 592 1356 2974 1907">
     <span class='ocr_line' id='line_1_9' title="bbox 592 1356 2973 1445; baseline -0.001 -23"><span class='ocrx_word' id='word_1_51' title='bbox 592 1360 647 1424; x_wconf 89' lang='lat'>1.</span> <span class='ocrx_word' id='word_1_52' title='bbox 699 1357 1056 1441; x_wconf 86' lang='lat' dir='ltr'>Sacrilegia</span> <span class='ocrx_word' id='word_1_53' title='bbox 1113 1359 1183 1423; x_wconf 91' lang='lat' dir='ltr'>in</span> <span class='ocrx_word' id='word_1_54' title='bbox 1252 1359 1503 1445; x_wconf 91' lang='lat' dir='ltr'>templa</span> <span class='ocrx_word' id='word_1_55' title='bbox 1563 1362 1986 1424; x_wconf 86' lang='lat' dir='ltr'>externarum</span> <span class='ocrx_word' id='word_1_56' title='bbox 2048 1357 2344 1441; x_wconf 91' lang='lat' dir='ltr'>gentium</span> <span class='ocrx_word' id='word_1_57' title='bbox 2406 1356 2760 1421; x_wconf 91' lang='lat' dir='ltr'>commissa</span> <span class='ocrx_word' id='word_1_58' title='bbox 2827 1358 2973 1420; x_wconf 90' lang='lat' dir='ltr'>tum</span> 
     </span>
     <span class='ocr_line' id='line_1_10' title="bbox 700 1473 2974 1561; baseline -0.001 -23"><span class='ocrx_word' id='word_1_59' title='bbox 700 1474 915 1539; x_wconf 91' lang='lat' dir='ltr'>solum</span> <span class='ocrx_word' id='word_1_60' title='bbox 984 1473 1243 1561; x_wconf 90' lang='lat' dir='ltr'>publice</span> <span class='ocrx_word' id='word_1_61' title='bbox 1321 1476 1391 1539; x_wconf 92' lang='lat' dir='ltr'>in</span> <span class='ocrx_word' id='word_1_62' title='bbox 1465 1476 1709 1540; x_wconf 86' lang='lat' dir='ltr'>crimen</span> <span class='ocrx_word' id='word_1_63' title='bbox 1770 1475 2206 1557; x_wconf 89' lang='lat' dir='ltr'>vocabantur,</span> <span class='ocrx_word' id='word_1_64' title='bbox 2277 1473 2335 1539; x_wconf 92' lang='lat' dir='ltr'>si</span> <span class='ocrx_word' id='word_1_65' title='bbox 2392 1473 2528 1537; x_wconf 90' lang='lat' dir='ltr'>iam</span> <span class='ocrx_word' id='word_1_66' title='bbox 2597 1476 2820 1554; x_wconf 90' lang='lat' dir='ltr'>antea,</span> <span class='ocrx_word' id='word_1_67' title='bbox 2893 1492 2974 1535; x_wconf 95' lang='lat' dir='ltr'>ea</span> 
     </span>
     <span class='ocr_line' id='line_1_11' title="bbox 702 1586 2971 1677; baseline -0.002 -22"><span class='ocrx_word' id='word_1_68' title='bbox 702 1611 851 1673; x_wconf 84' lang='lat' dir='ltr'>quae</span> <span class='ocrx_word' id='word_1_69' title='bbox 882 1595 1078 1676; x_wconf 90' lang='lat' dir='ltr'>rapta</span> <span class='ocrx_word' id='word_1_70' title='bbox 1104 1594 1313 1673; x_wconf 90' lang='lat' dir='ltr'>erant,</span> <span class='ocrx_word' id='word_1_71' title='bbox 1335 1590 1560 1677; x_wconf 91' lang='lat' dir='ltr'>populi</span> <span class='ocrx_word' id='word_1_72' title='bbox 1583 1590 1870 1656; x_wconf 88' lang='lat' dir='ltr'>Romani</span> <span class='ocrx_word' id='word_1_73' title='bbox 1899 1590 2194 1672; x_wconf 78' lang='lat' dir='ltr'>fuerant3</span> <span class='ocrx_word' id='word_1_74' title='bbox 2217 1590 2258 1676; x_wconf 87' lang='lat'>¹)</span> <span class='ocrx_word' id='word_1_75' title='bbox 2285 1589 2416 1654; x_wconf 91' lang='lat' dir='ltr'>nisi</span> <span class='ocrx_word' id='word_1_76' title='bbox 2437 1589 2609 1654; x_wconf 85' lang='lat' dir='ltr'>forte</span> <span class='ocrx_word' id='word_1_77' title='bbox 2632 1586 2971 1674; x_wconf 87' lang='lat' dir='ltr'>privilegio</span> 
     </span>
     <span class='ocr_line' id='line_1_12' title="bbox 703 1703 2971 1793; baseline -0.001 -24"><span class='ocrx_word' id='word_1_78' title='bbox 703 1703 1096 1788; x_wconf 82' lang='lat' dir='ltr'>(Strafrecht</span> <span class='ocrx_word' id='word_1_79' title='bbox 1148 1728 1252 1792; x_wconf 89' lang='lat' dir='ltr'>pg.</span> <span class='ocrx_word' id='word_1_80' title='bbox 1308 1707 1454 1788; x_wconf 86' lang='lat'>763,</span> <span class='ocrx_word' id='word_1_81' title='bbox 1502 1707 1566 1793; x_wconf 88' lang='grc'>4)</span> <span class='ocrx_word' id='word_1_82' title='bbox 1637 1705 2003 1771; x_wconf 83' lang='lat' dir='ltr'>Tolosanos</span> <span class='ocrx_word' id='word_1_83' title='bbox 2075 1703 2483 1770; x_wconf 90' lang='lat' dir='ltr'>condonatos</span> <span class='ocrx_word' id='word_1_84' title='bbox 2544 1724 2690 1769; x_wconf 91' lang='lat' dir='ltr'>esse</span> <span class='ocrx_word' id='word_1_85' title='bbox 2749 1705 2971 1789; x_wconf 85' lang='lat' dir='ltr'>putaS,</span> 
     </span>
     <span class='ocr_line' id='line_1_13' title="bbox 700 1819 2037 1907; baseline 0.002 -23"><span class='ocrx_word' id='word_1_86' title='bbox 700 1819 875 1906; x_wconf 92' lang='lat' dir='ltr'>quod</span> <span class='ocrx_word' id='word_1_87' title='bbox 921 1843 1036 1907; x_wconf 93' lang='lat' dir='ltr'>per</span> <span class='ocrx_word' id='word_1_88' title='bbox 1082 1843 1153 1887; x_wconf 91' lang='lat' dir='ltr'>se</span> <span class='ocrx_word' id='word_1_89' title='bbox 1201 1822 1470 1887; x_wconf 89' lang='lat' dir='ltr'>minime</span> <span class='ocrx_word' id='word_1_90' title='bbox 1518 1821 2037 1887; x_wconf 90' lang='lat' dir='ltr'>commendatur.</span> 
     </span>
    </p>

    <p class='ocr_par' dir='ltr' id='par_1_5' title="bbox 590 1935 2975 2482">
     <span class='ocr_line' id='line_1_14' title="bbox 590 1935 2973 2023; baseline -0.001 -24"><span class='ocrx_word' id='word_1_91' title='bbox 590 1937 651 2002; x_wconf 83' lang='lat'>2.</span> <span class='ocrx_word' id='word_1_92' title='bbox 703 1936 1306 2023; x_wconf 82' lang='lat' dir='ltr'>Quotienscumque</span> <span class='ocrx_word' id='word_1_93' title='bbox 1344 1938 1780 2021; x_wconf 88' lang='lat' dir='ltr'>magistratus</span> <span class='ocrx_word' id='word_1_94' title='bbox 1829 1938 1953 2003; x_wconf 91' lang='lat' dir='ltr'>sub</span> <span class='ocrx_word' id='word_1_95' title='bbox 2001 1937 2216 2023; x_wconf 92' lang='lat' dir='ltr'>specie</span> <span class='ocrx_word' id='word_1_96' title='bbox 2261 1935 2592 2019; x_wconf 83' lang='lat' dir='ltr'>religionis</span> <span class='ocrx_word' id='word_1_97' title='bbox 2624 1935 2973 2021; x_wconf 90' lang='lat' dir='ltr'>pecuniam</span> 
     </span>
     <span class='ocr_line' id='line_1_15' title="bbox 700 2051 2975 2139; baseline 0 -23"><span class='ocrx_word' id='word_1_98' title='bbox 700 2051 969 2118; x_wconf 86' lang='lat' dir='ltr'>reddere</span> <span class='ocrx_word' id='word_1_99' title='bbox 1018 2054 1230 2118; x_wconf 89' lang='lat' dir='ltr'>coacti</span> <span class='ocrx_word' id='word_1_100' title='bbox 1277 2056 1487 2136; x_wconf 89' lang='lat' dir='ltr'>erant,</span> <span class='ocrx_word' id='word_1_101' title='bbox 1549 2052 1815 2139; x_wconf 91' lang='lat' dir='ltr'>piacula</span> <span class='ocrx_word' id='word_1_102' title='bbox 1860 2053 2390 2119; x_wconf 88' lang='lat' dir='ltr'>instituebantur</span> <span class='ocrx_word' id='word_1_103' title='bbox 2434 2052 2845 2138; x_wconf 90' lang='lat' dir='ltr'>pecuniaque</span> <span class='ocrx_word' id='word_1_104' title='bbox 2892 2051 2975 2116; x_wconf 89' lang='lat' dir='ltr'>in</span> 
     </span>
     <span class='ocr_line' id='line_1_16' title="bbox 703 2168 2973 2257; baseline 0 -24"><span class='ocrx_word' id='word_1_105' title='bbox 703 2168 1017 2254; x_wconf 91' lang='lat' dir='ltr'>templo</span> <span class='ocrx_word' id='word_1_106' title='bbox 1087 2170 1694 2255; x_wconf 83' lang='lat' dir='ltr'>reponebatur3</span> <span class='ocrx_word' id='word_1_107' title='bbox 1729 2170 1771 2257; x_wconf 83' lang='grc'>2)</span> <span class='ocrx_word' id='word_1_108' title='bbox 1844 2168 2019 2254; x_wconf 90' lang='lat' dir='ltr'>quod</span> <span class='ocrx_word' id='word_1_109' title='bbox 2075 2170 2416 2252; x_wconf 90' lang='lat' dir='ltr'>negotium</span> <span class='ocrx_word' id='word_1_110' title='bbox 2462 2190 2618 2234; x_wconf 90' lang='lat' dir='ltr'>vero</span> <span class='ocrx_word' id='word_1_111' title='bbox 2666 2189 2801 2233; x_wconf 91' lang='lat' dir='ltr'>non</span> <span class='ocrx_word' id='word_1_112' title='bbox 2848 2168 2973 2233; x_wconf 91' lang='lat' dir='ltr'>sub</span> 
     </span>
     <span class='ocr_line' id='line_1_17' title="bbox 704 2283 2974 2371; baseline 0 -22"><span class='ocrx_word' id='word_1_113' title='bbox 704 2305 923 2350; x_wconf 85' lang='lat' dir='ltr'>causae</span> <span class='ocrx_word' id='word_1_114' title='bbox 984 2284 1201 2350; x_wconf 85' lang='lat' dir='ltr'>forma</span> <span class='ocrx_word' id='word_1_115' title='bbox 1268 2286 1768 2369; x_wconf 88' lang='lat' dir='ltr'>transigebatur</span> <span class='ocrx_word' id='word_1_116' title='bbox 1835 2307 2050 2370; x_wconf 90' lang='lat' dir='ltr'>neque</span> <span class='ocrx_word' id='word_1_117' title='bbox 2118 2286 2401 2371; x_wconf 88' lang='lat' dir='ltr'>pecunia</span> <span class='ocrx_word' id='word_1_118' title='bbox 2462 2284 2783 2370; x_wconf 73' lang='lat' dir='ltr'>Caepionis</span> <span class='ocrx_word' id='word_1_119' title='bbox 2853 2283 2974 2350; x_wconf 90' lang='lat' dir='ltr'>deo</span> 
     </span>
     <span class='ocr_line' id='line_1_18' title="bbox 702 2398 2360 2482; baseline 0.002 -19"><span class='ocrx_word' id='word_1_120' title='bbox 702 2398 1121 2482; x_wconf 88' lang='lat' dir='ltr'>reddebatur,</span> <span class='ocrx_word' id='word_1_121' title='bbox 1173 2404 1250 2466; x_wconf 90' lang='lat' dir='ltr'>ut</span> <span class='ocrx_word' id='word_1_122' title='bbox 1296 2404 1471 2467; x_wconf 90' lang='lat' dir='ltr'>auct.</span> <span class='ocrx_word' id='word_1_123' title='bbox 1509 2400 1588 2467; x_wconf 91' lang='lat' dir='ltr'>de</span> <span class='ocrx_word' id='word_1_124' title='bbox 1634 2401 1756 2467; x_wconf 90' lang='lat' dir='ltr'>vir.</span> <span class='ocrx_word' id='word_1_125' title='bbox 1790 2401 1880 2466; x_wconf 91' lang='lat' dir='ltr'>ill.</span> <span class='ocrx_word' id='word_1_126' title='bbox 1920 2402 2001 2466; x_wconf 81' lang='lat'>73</span> <span class='ocrx_word' id='word_1_127' title='bbox 2049 2404 2360 2466; x_wconf 90' lang='lat' dir='ltr'>testatur.</span> 
     </span>
    </p>

    <p class='ocr_par' dir='ltr' id='par_1_6' title="bbox 593 2514 2980 3646">
     <span class='ocr_line' id='line_1_19' title="bbox 593 2514 2975 2604; baseline 0.001 -25"><span class='ocrx_word' id='word_1_128' title='bbox 593 2515 653 2581; x_wconf 88' lang='lat'>3.</span> <span class='ocrx_word' id='word_1_129' title='bbox 706 2515 945 2582; x_wconf 87' lang='lat' dir='ltr'>Forma</span> <span class='ocrx_word' id='word_1_130' title='bbox 990 2516 1320 2604; x_wconf 90' lang='lat' dir='ltr'>proverbii</span> <span class='ocrx_word' id='word_1_131' title='bbox 1352 2516 1431 2582; x_wconf 93' lang='lat' dir='ltr'>de</span> <span class='ocrx_word' id='word_1_132' title='bbox 1465 2540 1626 2584; x_wconf 92' lang='lat' dir='ltr'>auro</span> <span class='ocrx_word' id='word_1_133' title='bbox 1661 2516 1991 2583; x_wconf 81' lang='lat' dir='ltr'>Tolosano</span> <span class='ocrx_word' id='word_1_134' title='bbox 2042 2516 2146 2604; x_wconf 83' lang='lat' dir='ltr'>(cf.</span> <span class='ocrx_word' id='word_1_135' title='bbox 2182 2515 2347 2584; x_wconf 88' lang='lat' dir='ltr'>Gell.</span> <span class='ocrx_word' id='word_1_136' title='bbox 2380 2516 2422 2583; x_wconf 93' lang='lat' dir='ltr'>l.</span> <span class='ocrx_word' id='word_1_137' title='bbox 2463 2515 2504 2582; x_wconf 90' lang='lat' dir='ltr'>l.</span> <span class='ocrx_word' id='word_1_138' title='bbox 2552 2514 2798 2582; x_wconf 85' lang='lat' dir='ltr'>Justin.</span> <span class='ocrx_word' id='word_1_139' title='bbox 2834 2515 2876 2582; x_wconf 90' lang='lat' dir='ltr'>l.</span> <span class='ocrx_word' id='word_1_140' title='bbox 2910 2515 2975 2601; x_wconf 93' lang='grc'>1.)</span> 
     </span>
     <span class='ocr_line' id='line_1_20' title="bbox 703 2631 2979 2720; baseline 0 -24"><span class='ocrx_word' id='word_1_141' title='bbox 703 2631 817 2714; x_wconf 85' lang='lat' dir='ltr'>eiS,</span> <span class='ocrx_word' id='word_1_142' title='bbox 869 2633 982 2717; x_wconf 92' lang='lat' dir='ltr'>qui</span> <span class='ocrx_word' id='word_1_143' title='bbox 1027 2633 1387 2717; x_wconf 85' lang='lat' dir='ltr'>tetigerint,</span> <span class='ocrx_word' id='word_1_144' title='bbox 1437 2633 1782 2699; x_wconf 89' lang='lat' dir='ltr'>interitum</span> <span class='ocrx_word' id='word_1_145' title='bbox 1829 2634 2114 2720; x_wconf 89' lang='lat' dir='ltr'>paranti,</span> <span class='ocrx_word' id='word_1_146' title='bbox 2164 2632 2340 2698; x_wconf 91' lang='lat' dir='ltr'>unde</span> <span class='ocrx_word' id='word_1_147' title='bbox 2397 2636 2614 2698; x_wconf 90' lang='lat' dir='ltr'>ortum</span> <span class='ocrx_word' id='word_1_148' title='bbox 2662 2632 2769 2715; x_wconf 92' lang='lat' dir='ltr'>sit,</span> <span class='ocrx_word' id='word_1_149' title='bbox 2831 2633 2979 2718; x_wconf 92' lang='lat' dir='ltr'>ipsa</span> 
     </span>
     <span class='ocr_line' id='line_1_21' title="bbox 702 2746 2979 2837; baseline 0.001 -26"><span class='ocrx_word' id='word_1_150' title='bbox 702 2746 972 2814; x_wconf 89' lang='lat' dir='ltr'>indicat.</span> <span class='ocrx_word' id='word_1_151' title='bbox 1022 2749 1155 2813; x_wconf 86' lang='lat' dir='ltr'>Vix</span> <span class='ocrx_word' id='word_1_152' title='bbox 1185 2753 1363 2815; x_wconf 92' lang='lat' dir='ltr'>recte</span> <span class='ocrx_word' id='word_1_153' title='bbox 1393 2749 1704 2815; x_wconf 81' lang='lat' dir='ltr'>Justinus</span> <span class='ocrx_word' id='word_1_154' title='bbox 1724 2750 1769 2837; x_wconf 76' lang='lat'>3)</span> <span class='ocrx_word' id='word_1_155' title='bbox 1805 2748 1884 2815; x_wconf 93' lang='lat' dir='ltr'>de</span> <span class='ocrx_word' id='word_1_156' title='bbox 1930 2771 2192 2836; x_wconf 90' lang='lat' dir='ltr'>pugna</span> <span class='ocrx_word' id='word_1_157' title='bbox 2223 2747 2427 2835; x_wconf 90' lang='lat' dir='ltr'>apud</span> <span class='ocrx_word' id='word_1_158' title='bbox 2460 2749 2979 2813; x_wconf 89' lang='lat' dir='ltr'>Arausionem</span> 
     </span>
     <span class='ocr_line' id='line_1_22' title="bbox 701 2862 2975 2952; baseline 0 -24"><span class='ocrx_word' id='word_1_159' title='bbox 701 2863 905 2946; x_wconf 83' lang='lat' dir='ltr'>facta,</span> <span class='ocrx_word' id='word_1_160' title='bbox 971 2886 1105 2950; x_wconf 89' lang='lat' dir='ltr'>qua</span> <span class='ocrx_word' id='word_1_161' title='bbox 1152 2863 1279 2930; x_wconf 91' lang='lat' dir='ltr'>dei</span> <span class='ocrx_word' id='word_1_162' title='bbox 1345 2868 1598 2930; x_wconf 89' lang='lat' dir='ltr'>totum</span> <span class='ocrx_word' id='word_1_163' title='bbox 1664 2865 2051 2952; x_wconf 70' lang='lat' dir='ltr'>Caepionis</span> <span class='ocrx_word' id='word_1_164' title='bbox 2107 2864 2538 2930; x_wconf 89' lang='lat' dir='ltr'>exercitum</span> <span class='ocrx_word' id='word_1_165' title='bbox 2594 2862 2975 2946; x_wconf 87' lang='lat' dir='ltr'>deleverint,</span> 
     </span>
     <span class='ocr_line' id='line_1_23' title="bbox 702 2978 2979 3067; baseline -0.001 -22"><span class='ocrx_word' id='word_1_166' title='bbox 702 2983 1049 3064; x_wconf 89' lang='lat' dir='ltr'>tamquam</span> <span class='ocrx_word' id='word_1_167' title='bbox 1113 2979 1192 3046; x_wconf 93' lang='lat' dir='ltr'>de</span> <span class='ocrx_word' id='word_1_168' title='bbox 1246 3002 1444 3067; x_wconf 85' lang='lat' dir='ltr'>poena</span> <span class='ocrx_word' id='word_1_169' title='bbox 1513 2981 1795 3064; x_wconf 90' lang='lat' dir='ltr'>cogitat:</span> <span class='ocrx_word' id='word_1_170' title='bbox 1887 3002 2021 3047; x_wconf 91' lang='lat' dir='ltr'>non</span> <span class='ocrx_word' id='word_1_171' title='bbox 2090 2981 2159 3046; x_wconf 91' lang='lat' dir='ltr'>in</span> <span class='ocrx_word' id='word_1_172' title='bbox 2235 2979 2479 3045; x_wconf 89' lang='lat' dir='ltr'>milites</span> <span class='ocrx_word' id='word_1_173' title='bbox 2553 2978 2638 3044; x_wconf 90' lang='lat' dir='ltr'>ad</span> <span class='ocrx_word' id='word_1_174' title='bbox 2709 2978 2979 3044; x_wconf 91' lang='lat' dir='ltr'>deorum</span> 
     </span>
     <span class='ocr_line' id='line_1_24' title="bbox 703 3094 2978 3184; baseline -0 -24"><span class='ocrx_word' id='word_1_175' title='bbox 703 3094 1067 3161; x_wconf 87' lang='lat' dir='ltr'>vindictam</span> <span class='ocrx_word' id='word_1_176' title='bbox 1118 3095 1600 3179; x_wconf 89' lang='lat' dir='ltr'>celebrandam,</span> <span class='ocrx_word' id='word_1_177' title='bbox 1650 3097 1768 3163; x_wconf 86' lang='lat' dir='ltr'>sed</span> <span class='ocrx_word' id='word_1_178' title='bbox 1814 3098 1884 3162; x_wconf 93' lang='lat' dir='ltr'>in</span> <span class='ocrx_word' id='word_1_179' title='bbox 1930 3098 2392 3184; x_wconf 90' lang='lat' dir='ltr'>imperatorem</span> <span class='ocrx_word' id='word_1_180' title='bbox 2440 3096 2656 3183; x_wconf 88' lang='lat' dir='ltr'>ipsum</span> <span class='ocrx_word' id='word_1_181' title='bbox 2705 3096 2978 3180; x_wconf 88' lang='lat' dir='ltr'>eiusque</span> 
     </span>
     <span class='ocr_line' id='line_1_25' title="bbox 705 3210 2978 3299; baseline 0 -24"><span class='ocrx_word' id='word_1_182' title='bbox 705 3212 918 3276; x_wconf 89' lang='lat' dir='ltr'>socios</span> <span class='ocrx_word' id='word_1_183' title='bbox 986 3210 1221 3276; x_wconf 86' lang='lat' dir='ltr'>fraude</span> <span class='ocrx_word' id='word_1_184' title='bbox 1291 3212 1515 3299; x_wconf 94' lang='lat' dir='ltr'>populi</span> <span class='ocrx_word' id='word_1_185' title='bbox 1585 3212 1874 3278; x_wconf 88' lang='lat' dir='ltr'>Romani</span> <span class='ocrx_word' id='word_1_186' title='bbox 1959 3235 2120 3279; x_wconf 89' lang='lat' dir='ltr'>auro</span> <span class='ocrx_word' id='word_1_187' title='bbox 2203 3214 2451 3299; x_wconf 90' lang='lat' dir='ltr'>potitos</span> <span class='ocrx_word' id='word_1_188' title='bbox 2519 3212 2755 3277; x_wconf 86' lang='lat' dir='ltr'>fictum</span> <span class='ocrx_word' id='word_1_189' title='bbox 2833 3232 2978 3276; x_wconf 92' lang='lat' dir='ltr'>esse</span> 
     </span>
     <span class='ocr_line' id='line_1_26' title="bbox 705 3325 2977 3414; baseline 0 -23"><span class='ocrx_word' id='word_1_190' title='bbox 705 3325 994 3410; x_wconf 85' lang='lat' dir='ltr'>videtur3</span> <span class='ocrx_word' id='word_1_191' title='bbox 1062 3327 1419 3393; x_wconf 86' lang='lat' dir='ltr'>manifesto</span> <span class='ocrx_word' id='word_1_192' title='bbox 1482 3329 1659 3393; x_wconf 91' lang='lat' dir='ltr'>enim</span> <span class='ocrx_word' id='word_1_193' title='bbox 1719 3332 1873 3414; x_wconf 88' lang='lat' dir='ltr'>post</span> <span class='ocrx_word' id='word_1_194' title='bbox 1927 3328 2425 3394; x_wconf 89' lang='lat' dir='ltr'>damnationem</span> <span class='ocrx_word' id='word_1_195' title='bbox 2471 3327 2735 3393; x_wconf 90' lang='lat' dir='ltr'>demum</span> <span class='ocrx_word' id='word_1_196' title='bbox 2785 3347 2977 3392; x_wconf 87' lang='lat' dir='ltr'>exco-</span> 
     </span>
     <span class='ocr_line' id='line_1_27' title="bbox 707 3442 2980 3528; baseline 0.001 -22"><span class='ocrx_word' id='word_1_197' title='bbox 707 3442 904 3525; x_wconf 90' lang='lat' dir='ltr'>gitari</span> <span class='ocrx_word' id='word_1_198' title='bbox 972 3445 1255 3528; x_wconf 91' lang='lat' dir='ltr'>poterat,</span> <span class='ocrx_word' id='word_1_199' title='bbox 1328 3465 1543 3528; x_wconf 90' lang='lat' dir='ltr'>neque</span> <span class='ocrx_word' id='word_1_200' title='bbox 1610 3443 1831 3510; x_wconf 90' lang='lat' dir='ltr'>clades</span> <span class='ocrx_word' id='word_1_201' title='bbox 1901 3444 2225 3510; x_wconf 93' lang='lat' dir='ltr'>Cimbrica</span> <span class='ocrx_word' id='word_1_202' title='bbox 2292 3444 2498 3509; x_wconf 89' lang='lat' dir='ltr'>ullam</span> <span class='ocrx_word' id='word_1_203' title='bbox 2567 3443 2980 3509; x_wconf 87' lang='lat' dir='ltr'>occasionem</span> 
     </span>
     <span class='ocr_line' id='line_1_28' title="bbox 708 3558 1990 3646; baseline 0.002 -23"><span class='ocrx_word' id='word_1_204' title='bbox 708 3558 1031 3624; x_wconf 91' lang='lat' dir='ltr'>eiusmodi</span> <span class='ocrx_word' id='word_1_205' title='bbox 1079 3558 1236 3624; x_wconf 92' lang='lat' dir='ltr'>dicti</span> <span class='ocrx_word' id='word_1_206' title='bbox 1284 3558 1716 3646; x_wconf 91' lang='lat' dir='ltr'>componendi</span> <span class='ocrx_word' id='word_1_207' title='bbox 1764 3559 1990 3625; x_wconf 88' lang='lat' dir='ltr'>dabat.</span> 
     </span>
    </p>
   </div>
   <div class='ocr_carea' id='block_1_4' title="bbox 597 3672 2981 3992">
    <p class='ocr_par' dir='ltr' id='par_1_7' title="bbox 597 3672 2981 3992">
     <span class='ocr_line' id='line_1_29' title="bbox 597 3672 2981 3763; baseline 0.001 -27"><span class='ocrx_word' id='word_1_208' title='bbox 597 3674 660 3738; x_wconf 89' lang='lat'>4.</span> <span class='ocrx_word' id='word_1_209' title='bbox 711 3672 781 3737; x_wconf 85' lang='lat' dir='ltr'>Si</span> <span class='ocrx_word' id='word_1_210' title='bbox 827 3675 1035 3740; x_wconf 87' lang='lat' dir='ltr'>verba</span> <span class='ocrx_word' id='word_1_211' title='bbox 1081 3676 1373 3741; x_wconf 90' lang='lat' dir='ltr'>auctoris</span> <span class='ocrx_word' id='word_1_212' title='bbox 1422 3675 1500 3741; x_wconf 90' lang='lat' dir='ltr'>de</span> <span class='ocrx_word' id='word_1_213' title='bbox 1548 3675 1668 3741; x_wconf 87' lang='lat' dir='ltr'>vir.</span> <span class='ocrx_word' id='word_1_214' title='bbox 1702 3675 1792 3741; x_wconf 90' lang='lat' dir='ltr'>ill.</span> <span class='ocrx_word' id='word_1_215' title='bbox 1833 3676 1915 3741; x_wconf 81' lang='lat'>73</span> <span class='ocrx_word' id='word_1_216' title='bbox 1968 3699 2236 3763; x_wconf 79' lang='lat' dir='ltr'>„aurum</span> <span class='ocrx_word' id='word_1_217' title='bbox 2279 3677 2417 3742; x_wconf 80' lang='lat' dir='ltr'>dolo</span> <span class='ocrx_word' id='word_1_218' title='bbox 2465 3699 2549 3741; x_wconf 83' lang='lat' dir='ltr'>an</span> <span class='ocrx_word' id='word_1_219' title='bbox 2593 3676 2807 3741; x_wconf 82' lang='lat' dir='ltr'>scelere</span> <span class='ocrx_word' id='word_1_220' title='bbox 2852 3675 2981 3740; x_wconf 74' lang='lat' dir='ltr'><em>(1ae-</em></span> 
     </span>
     <span class='ocr_line' id='line_1_30' title="bbox 692 3789 2981 3877; baseline 0 -23"><span class='ocrx_word' id='word_1_221' title='bbox 692 3794 908 3872; x_wconf 78' lang='lat' dir='ltr'>piom‘s</span> <span class='ocrx_word' id='word_1_222' title='bbox 942 3795 1248 3873; x_wconf 75' lang='lat' dir='ltr'>partum“</span> <span class='ocrx_word' id='word_1_223' title='bbox 1314 3794 1722 3876; x_wconf 90' lang='lat' dir='ltr'>torquemus,</span> <span class='ocrx_word' id='word_1_224' title='bbox 1790 3792 2069 3877; x_wconf 84' lang='lat' dir='ltr'>quaestio</span> <span class='ocrx_word' id='word_1_225' title='bbox 2132 3789 2496 3857; x_wconf 90' lang='lat' dir='ltr'>secundum</span> <span class='ocrx_word' id='word_1_226' title='bbox 2555 3790 2981 3873; x_wconf 82' lang='lat' dir='ltr'>Timagenem</span> 
     </span>
     <span class='ocr_line' id='line_1_31' title="bbox 704 3905 2979 3992; baseline 0 -23"><span class='ocrx_word' id='word_1_227' title='bbox 704 3905 1081 3992; x_wconf 88' lang='lat' dir='ltr'>principalis</span> <span class='ocrx_word' id='word_1_228' title='bbox 1128 3928 1262 3972; x_wconf 91' lang='lat' dir='ltr'>non</span> <span class='ocrx_word' id='word_1_229' title='bbox 1310 3906 1673 3972; x_wconf 90' lang='lat' dir='ltr'>diiudicata</span> <span class='ocrx_word' id='word_1_230' title='bbox 1721 3911 1844 3973; x_wconf 88' lang='lat' dir='ltr'>est.</span> <span class='ocrx_word' id='word_1_231' title='bbox 1908 3906 2070 3972; x_wconf 89' lang='lat' dir='ltr'>Cum</span> <span class='ocrx_word' id='word_1_232' title='bbox 2117 3928 2273 3973; x_wconf 87' lang='lat' dir='ltr'>vero</span> <span class='ocrx_word' id='word_1_233' title='bbox 2323 3927 2597 3972; x_wconf 91' lang='lat' dir='ltr'>causam</span> <span class='ocrx_word' id='word_1_234' title='bbox 2642 3908 2979 3991; x_wconf 91' lang='lat' dir='ltr'>peractam</span> 
     </span>
    </p>
   </div>
   <div class='ocr_carea' id='block_1_5' title="bbox 526 4051 951 4058">
    <p class='ocr_par' dir='ltr' id='par_1_8' title="bbox 526 4051 951 4058">
     <span class='ocr_line' id='line_1_32' title="bbox 526 4051 951 4058; baseline 0 1011"><span class='ocrx_word' id='word_1_235' title='bbox 526 4051 951 4058; x_wconf 95' lang='lat' dir='ltr'> </span> 
     </span>
    </p>
   </div>
   <div class='ocr_carea' id='block_1_6' title="bbox 529 4126 2980 4375">
    <p class='ocr_par' dir='ltr' id='par_1_9' title="bbox 529 4126 2980 4375">
     <span class='ocr_line' id='line_1_33' title="bbox 753 4126 2980 4197; baseline 0 -17"><span class='ocrx_word' id='word_1_236' title='bbox 753 4129 790 4195; x_wconf 94' lang='lat'>¹)</span> <span class='ocrx_word' id='word_1_237' title='bbox 829 4126 898 4180; x_wconf 89' lang='lat' dir='ltr'>cf.</span> <span class='ocrx_word' id='word_1_238' title='bbox 938 4129 1254 4196; x_wconf 84' lang='lat' dir='ltr'>Mommsen,</span> <span class='ocrx_word' id='word_1_239' title='bbox 1294 4129 1599 4182; x_wconf 82' lang='lat' dir='ltr'>Strafrecht</span> <span class='ocrx_word' id='word_1_240' title='bbox 1636 4146 1721 4197; x_wconf 88' lang='lat' dir='ltr'>pg.</span> <span class='ocrx_word' id='word_1_241' title='bbox 1746 4131 1868 4196; x_wconf 84' lang='lat'>763,</span> <span class='ocrx_word' id='word_1_242' title='bbox 1894 4130 1927 4183; x_wconf 89' lang='lat'>3</span> <span class='ocrx_word' id='word_1_243' title='bbox 1948 4130 2054 4182; x_wconf 87' lang='lat' dir='ltr'>Cic.</span> <span class='ocrx_word' id='word_1_244' title='bbox 2083 4130 2137 4181; x_wconf 89' lang='lat' dir='ltr'>in</span> <span class='ocrx_word' id='word_1_245' title='bbox 2160 4129 2313 4182; x_wconf 90' lang='lat' dir='ltr'>Verr.</span> <span class='ocrx_word' id='word_1_246' title='bbox 2342 4136 2445 4182; x_wconf 85' lang='lat' dir='ltr'>act.</span> <span class='ocrx_word' id='word_1_247' title='bbox 2470 4145 2571 4182; x_wconf 84' lang='lat' dir='ltr'>sec.</span> <span class='ocrx_word' id='word_1_248' title='bbox 2592 4128 2633 4193; x_wconf 93' lang='grc' dir='ltr'>Ι,</span> <span class='ocrx_word' id='word_1_249' title='bbox 2656 4129 2748 4196; x_wconf 77' lang='lat'>113</span> <span class='ocrx_word' id='word_1_250' title='bbox 2775 4127 2867 4195; x_wconf 90' lang='lat' dir='ltr'>IV,</span> <span class='ocrx_word' id='word_1_251' title='bbox 2894 4128 2980 4181; x_wconf 89' lang='lat'>88.</span> 
     </span>
     <span class='ocr_line' id='line_1_34' title="bbox 745 4215 2980 4287; baseline 0 -19"><span class='ocrx_word' id='word_1_252' title='bbox 745 4216 786 4283; x_wconf 66' lang='lat'>²³)</span> <span class='ocrx_word' id='word_1_253' title='bbox 826 4215 894 4269; x_wconf 87' lang='lat' dir='ltr'>cf.</span> <span class='ocrx_word' id='word_1_254' title='bbox 938 4218 1047 4269; x_wconf 84' lang='lat' dir='ltr'>Liv.</span> <span class='ocrx_word' id='word_1_255' title='bbox 1103 4218 1304 4286; x_wconf 92' lang='lat' dir='ltr'>XXIX,</span> <span class='ocrx_word' id='word_1_256' title='bbox 1364 4220 1446 4284; x_wconf 84' lang='lat'>19,</span> <span class='ocrx_word' id='word_1_257' title='bbox 1491 4221 1540 4287; x_wconf 80' lang='lat'>7,</span> <span class='ocrx_word' id='word_1_258' title='bbox 1585 4220 1645 4287; x_wconf 82' lang='lat'>83</span> <span class='ocrx_word' id='word_1_259' title='bbox 1704 4219 1791 4286; x_wconf 97' lang='grc'>21,</span> <span class='ocrx_word' id='word_1_260' title='bbox 1835 4220 1897 4286; x_wconf 83' lang='lat'>43</span> <span class='ocrx_word' id='word_1_261' title='bbox 1955 4218 2156 4286; x_wconf 90' lang='lat' dir='ltr'>XXXI,</span> <span class='ocrx_word' id='word_1_262' title='bbox 2210 4219 2293 4285; x_wconf 88' lang='grc'>12,</span> <span class='ocrx_word' id='word_1_263' title='bbox 2345 4219 2512 4287; x_wconf 79' lang='lat'>3—53</span> <span class='ocrx_word' id='word_1_264' title='bbox 2569 4218 2796 4284; x_wconf 91' lang='lat' dir='ltr'>XXXII,</span> <span class='ocrx_word' id='word_1_265' title='bbox 2835 4218 2877 4285; x_wconf 92' lang='lat' dir='ltr'>I,</span> <span class='ocrx_word' id='word_1_266' title='bbox 2920 4217 2980 4285; x_wconf 87' lang='grc'>8;</span> 
     </span>
     <span class='ocr_line' id='line_1_35' title="bbox 529 4306 1927 4375; baseline 0.001 -16"><span class='ocrx_word' id='word_1_267' title='bbox 529 4307 809 4374; x_wconf 82' lang='lat' dir='ltr'>Wissowa,</span> <span class='ocrx_word' id='word_1_268' title='bbox 846 4306 961 4359; x_wconf 88' lang='lat' dir='ltr'>Rel.</span> <span class='ocrx_word' id='word_1_269' title='bbox 1002 4324 1053 4359; x_wconf 94' lang='lat' dir='ltr'>u.</span> <span class='ocrx_word' id='word_1_270' title='bbox 1093 4306 1289 4359; x_wconf 84' lang='lat' dir='ltr'>Kultus</span> <span class='ocrx_word' id='word_1_271' title='bbox 1328 4307 1379 4359; x_wconf 89' lang='lat' dir='ltr'>d.</span> <span class='ocrx_word' id='word_1_272' title='bbox 1418 4308 1572 4361; x_wconf 78' lang='lat' dir='ltr'>Rom.</span> <span class='ocrx_word' id='word_1_273' title='bbox 1612 4325 1695 4375; x_wconf 88' lang='lat' dir='ltr'>pg.</span> <span class='ocrx_word' id='word_1_274' title='bbox 1736 4309 1859 4375; x_wconf 85' lang='lat'>330,</span> <span class='ocrx_word' id='word_1_275' title='bbox 1880 4310 1927 4363; x_wconf 83' lang='lat'>7.</span> 
     </span>
    </p>
   </div>
   <div class='ocr_carea' id='block_1_7' title="bbox 530 4394 2981 4554">
    <p class='ocr_par' dir='ltr' id='par_1_10' title="bbox 530 4394 2981 4554">
     <span class='ocr_line' id='line_1_36' title="bbox 745 4394 2981 4464; baseline 0.001 -18"><span class='ocrx_word' id='word_1_276' title='bbox 745 4394 787 4462; x_wconf 83' lang='lat'>⁸)</span> <span class='ocrx_word' id='word_1_277' title='bbox 828 4395 930 4461; x_wconf 82' lang='lat' dir='ltr'>Qui</span> <span class='ocrx_word' id='word_1_278' title='bbox 969 4412 997 4449; x_wconf 91' lang='lat' dir='ltr'>e</span> <span class='ocrx_word' id='word_1_279' title='bbox 1037 4395 1328 4464; x_wconf 80' lang='lat' dir='ltr'>Timagene</span> <span class='ocrx_word' id='word_1_280' title='bbox 1380 4398 1563 4450; x_wconf 79' lang='lat' dir='ltr'>hausit</span> <span class='ocrx_word' id='word_1_281' title='bbox 1613 4396 1681 4450; x_wconf 78' lang='lat' dir='ltr'>cf.</span> <span class='ocrx_word' id='word_1_282' title='bbox 1737 4396 2071 4464; x_wconf 85' lang='lat' dir='ltr'>Gutschmid,</span> <span class='ocrx_word' id='word_1_283' title='bbox 2123 4397 2316 4450; x_wconf 90' lang='lat' dir='ltr'>Rhein.</span> <span class='ocrx_word' id='word_1_284' title='bbox 2371 4397 2511 4450; x_wconf 86' lang='lat' dir='ltr'>Mus.</span> <span class='ocrx_word' id='word_1_285' title='bbox 2549 4397 2636 4463; x_wconf 84' lang='lat'>37,</span> <span class='ocrx_word' id='word_1_286' title='bbox 2689 4396 2844 4464; x_wconf 86' lang='lat'>1882,</span> <span class='ocrx_word' id='word_1_287' title='bbox 2895 4413 2981 4463; x_wconf 88' lang='lat' dir='ltr'>pg.</span> 
     </span>
     <span class='ocr_line' id='line_1_37' title="bbox 530 4485 1647 4554; baseline 0.003 -18"><span class='ocrx_word' id='word_1_288' title='bbox 530 4485 600 4539; x_wconf 87' lang='grc'>48</span> <span class='ocrx_word' id='word_1_289' title='bbox 639 4500 715 4551; x_wconf 83' lang='lat' dir='ltr'>sq.</span> <span class='ocrx_word' id='word_1_290' title='bbox 758 4509 828 4531; x_wconf 88' lang='lat'><strong><em>=</em></strong></span> <span class='ocrx_word' id='word_1_291' title='bbox 865 4486 1044 4538; x_wconf 84' lang='lat' dir='ltr'>Klein.</span> <span class='ocrx_word' id='word_1_292' title='bbox 1085 4486 1232 4539; x_wconf 89' lang='lat' dir='ltr'>Schr.</span> <span class='ocrx_word' id='word_1_293' title='bbox 1260 4486 1325 4554; x_wconf 90' lang='lat' dir='ltr'>V,</span> <span class='ocrx_word' id='word_1_294' title='bbox 1363 4487 1468 4541; x_wconf 83' lang='grc'>218</span> <span class='ocrx_word' id='word_1_295' title='bbox 1504 4503 1647 4553; x_wconf 83' lang='lat' dir='ltr'>seqq.</span> 
     </span>
    </p>
   </div>
  </div>
 </body>
</html>
