3485 5069
1545 340 1901 394 ..35-

495 523 695 588 Porro
743 526 891 586 tum
937 519 1201 585 demum
1251 518 1474 584 dolum
1505 517 1672 583 Mari
1706 522 1980 601 tangere
2010 521 2274 603 poterat
2311 521 2561 600 auctor,
2596 522 2952 605 postquam

497 638 579 704 de
639 636 887 703 Metelli
948 636 1330 701 constantia
1389 634 1653 700 locutus
1724 638 1888 716 erat,
1954 634 2068 719 qui
2113 633 2318 716 locus,
2381 637 2460 699 ut
2514 654 2549 698 e
2597 634 2951 701 Plutarcho

505 755 938 841 Appianoque
1003 750 1434 832 concluditur,
1504 751 1573 815 in
1632 750 1819 815 fonte
1879 772 1926 814 Χ
1987 753 2145 815 ante
2207 754 2505 832 senatuS,
2566 750 2635 814 in
2697 772 2825 836 quo
2875 749 2955 816 de

500 868 922 935 iureiurando
956 866 1333 954 praestando
1367 867 1711 950 agebatur,
1749 865 2255 952 descriptionem
2287 887 2408 931 nec
2439 887 2595 931 vero
2628 866 2763 931 iam
2796 870 2954 931 ante

505 986 670 1069 legis
717 983 1315 1071 promulgationem
1363 986 1432 1048 et
1476 982 1897 1068 plebiscitum
1931 981 2265 1047 exstabat.
2347 979 2535 1061 Quod
2566 983 2623 1047 si
2656 985 2883 1047 autem
2919 1002 2955 1047 e

504 1101 690 1167 fonte
738 1123 802 1182 X,
852 1120 936 1164 ne
984 1099 1284 1185 scriptori
1329 1098 1555 1181 ignoto
1603 1098 1915 1162 iniuriam
1959 1097 2309 1182 faciamuS,
2357 1098 2645 1181 vestigia
2675 1097 2960 1163 latentia

503 1216 736 1298 secuti,
787 1237 886 1295 ea,
935 1236 1083 1300 quae
1118 1214 1520 1280 narrationis
1551 1214 1806 1279 iustum
1837 1234 2219 1299 processum
2252 1213 2549 1297 turbant,
2585 1213 2956 1279 eliminavi-

506 1354 674 1414 mus,
699 1330 876 1418 apud
900 1333 1163 1396 nostros
1185 1332 1489 1395 auctores
1516 1350 1631 1394 eas
1658 1328 2213 1395 contradictiones
2240 1351 2572 1395 occurrere
2590 1327 2956 1412 urgendum

504 1451 638 1513 est:
688 1448 926 1533 quippe
959 1446 1304 1533 Appianus
1336 1445 1644 1532 ineptiaS,
1694 1467 1844 1530 quae
1874 1445 2026 1511 inde
2061 1446 2380 1527 oriuntur,
2417 1445 2684 1510 minime
2719 1466 2958 1510 curans

505 1563 788 1628 Marium
834 1561 1224 1648 iampridem
1255 1561 1518 1627 Metello
1566 1561 1904 1627 infensum
1953 1561 2028 1648 (Ι,
2063 1563 2169 1644 29,
2211 1560 2252 1648 ξ
2289 1563 2414 1626 129
2464 1557 2677 1647 ἀφανῆ
2721 1561 2958 1626 obscu-

402 1706 405 1708 >
507 1699 654 1743 rum
701 1681 834 1759 est,
886 1675 1127 1764 ἐμφανῆ
1163 1699 1304 1743 con.
1337 1677 1578 1765 Mend.)
1630 1678 2044 1743 sanctionem
2092 1676 2178 1742 ad
2226 1677 2368 1743 eius
2406 1677 2748 1741 interitum
2783 1697 2959 1741 com-

508 1794 806 1879 posuisse
840 1797 1088 1876 narrat,
1124 1815 1338 1879 neque
1371 1793 1565 1858 aliter
1595 1793 1995 1858 Plutarchus
2029 1795 2257 1858 censet
2288 1791 2468 1878 apud
2492 1814 2688 1878 quem
2712 1791 2960 1857 Marius

509 1908 785 1974 eiciendi
830 1908 1078 1975 Metelli
1126 1909 1473 1975 consilium
1523 1910 1604 1995 (p.
1642 1910 1794 1991 360,
1841 1910 1963 1996 17),
2013 1906 2190 1993 quod
2235 1907 2447 1973 multo
2495 1913 2654 1974 ante
2700 1909 2960 1991 inierat,

513 2027 666 2110 post
709 2024 921 2107 legem
968 2028 1271 2107 rogatam
1318 2025 1565 2090 maiore
1614 2024 2039 2090 contentione
2087 2024 2521 2110 persequitur.

724 2140 810 2206 Et
853 2161 923 2205 re
970 2161 1150 2220 vera,
1198 2141 1297 2205 ita
1342 2140 1495 2206 fons
1527 2162 1572 2204 x
1604 2141 1940 2226 pergebat,
1978 2140 2173 2227 (Plut.
2209 2141 2468 2223 361,13
2515 2137 2622 2205 τοῦ
2655 2141 2964 2208 Μετέλλου

511 2257 825 2342 φήσαντος
870 2250 957 2341 μὴ
1005 2253 1238 2342 ὀμόσειν
1283 2285 1372 2313 =
1418 2258 1582 2342 App.
1619 2257 1726 2339 30,
1777 2254 1818 2342 ξ
1856 2257 1983 2321 135
2037 2259 2612 2343 συναποφηναμένου
2652 2255 2719 2322 δὲ
2763 2254 2968 2322 ταῦτα

511 2368 621 2436 καὶ
649 2368 758 2436 τοῦ
793 2374 1132 2455 Μετέλλους
1165 2372 1339 2438 Plut.
1369 2373 1519 2455 361,
1550 2373 1632 2437 14
1664 2369 1706 2457 ἡ
1733 2365 1916 2456 βουλὴ
1942 2372 2191 2456 ὃιελύῒη
2224 2402 2311 2429 =
2344 2375 2509 2459 App.
2532 2372 2573 2437 l.
2601 2372 2642 2437 l.
2677 2365 2968 2457 ὃΜοίριος

512 2486 740 2553 ὃίελυσε
770 2480 886 2573 τὴν
918 2484 1135 2573 βουλὴν
1174 2487 1353 2574 quod
1385 2510 1691 2575 expresse
1740 2487 1981 2554 afferre
2014 2487 2283 2554 minime
2317 2489 2767 2555 necessarium
2799 2490 2962 2575 erat)

513 2602 923 2685 insidiarum,
974 2627 1121 2690 quae
1177 2606 1236 2669 ei
1300 2605 1752 2687 struebantur,
1811 2605 2061 2670 inscius
2130 2604 2439 2670 Metellus
2501 2604 2965 2671 iusiurandum

513 2719 868 2801 recusavit,
919 2722 1327 2803 senatusque
1376 2718 1688 2785 dimissus
1723 2724 1845 2802 est,
1895 2725 2251 2805 postquam
2283 2720 2350 2784 in
2386 2718 2664 2785 eandem
2698 2724 2965 2785 senten-

518 2835 683 2899 tiam
731 2837 916 2900 totus
965 2833 1121 2899 ordo
1169 2835 1368 2900 ierat:
1417 2856 1632 2919 neque
1682 2835 1857 2900 enim
1906 2834 2158 2918 dubim,
2209 2836 2370 2920 quin
2401 2836 2744 2921 Appianus
2792 2839 2966 2901 cete-

515 2971 733 3015 rorum
770 2953 1154 3015 senatorum
1187 2952 1517 3026 ἐπαινέσεις
1547 2955 2102 3017 commemoratus
2136 2952 2494 3034 genuinam
2519 2952 2968 3017 narrationem

516 3065 881 3146 retinuerit,
918 3086 1067 3129 cum
1099 3065 1496 3131 Plutarchus
1532 3065 1610 3130 de
1643 3065 1891 3131 Metelli
1925 3067 2263 3132 sententia
2298 3067 2397 3132 ita
2428 3066 2759 3196 loquatur,
2794 3070 2969 3131 tam-

516 3201 720 3265 quam
769 3201 944 3244 unus
994 3181 1396 3246 sententiam
1447 3181 1691 3247 tulerit.

731 3296 872 3375 Quo
936 3295 1038 3361 die
1101 3295 1465 3361 secundum
1525 3296 1737 3380 legem
1797 3296 2260 3362 iusiurandum
2314 3298 2614 3384 praestari
2662 3298 2968 3380 debebat,

518 3410 697 3476 facto
747 3410 1009 3477 silentio
1060 3412 1255 3499 (Plut.
1291 3413 1551 3496 361,17
1599 3414 1925 3497 γενομένης
1969 3411 2201 3498 σιωπῆς
2254 3444 2342 3471 =
2398 3415 2560 3500 App.
2597 3415 2702 3496 31,
2754 3413 2793 3500 ξ
2846 3415 2970 3480 137

520 3524 768 3591 πάντων
801 3526 1185 3606 σιωπώντων,
1218 3526 1395 3611 quod
1428 3532 1504 3593 ut
1536 3550 1736 3615 supra
1771 3533 2048 3595 senatus
2076 3530 2321 3613 missio,
2356 3530 2485 3594 nisi
2519 3552 2554 3595 e
2579 3530 2764 3595 fonte
2796 3551 2972 3595 com-

522 3642 707 3705 muni
739 3645 1044 3706 manaret
1090 3663 1223 3707 non
1257 3642 1435 3728 apud
1468 3648 1824 3729 utrumque
1857 3645 2286 3731 inveniretur)
2336 3645 2775 3729 omnibusque
2809 3645 2975 3710 Mari

520 3757 1007 3821 recusationem
1040 3760 1583 3843 exspectantibus
1619 3760 1851 3825 consul
1884 3759 2118 3825 callido
2154 3759 2348 3848 (Plut.
2386 3761 2535 3844 361,
2565 3762 2649 3824 23
2695 3754 2765 3827 τὸ
2793 3760 2976 3847 σοφόν

528 3900 610 3927 =
656 3873 820 3958 App.
858 3872 963 3955 30,
1013 3871 1053 3959 ξ
1104 3874 1230 3939 136
1277 3871 1564 3961 σόφισμα)
1622 3876 1906 3941 artificio
1955 3898 2119 3941 usus
2165 3875 2628 3941 iusiurandum
2676 3876 2978 3942 clausula

523 3986 842 4052 instruxit
875 3989 1202 4073 ceterique
1234 3993 1470 4075 praeter
1493 3990 1833 4056 Metellum
1868 4013 2019 4056 eum
2053 3993 2263 4057 secuti
2297 3994 2457 4056 sunt
2490 3991 2684 4076 (Plut.
2714 3993 2863 4075 361,
2892 3994 2978 4057 26

524 4101 805 4187 ὤμνυσαν
837 4093 938 4169 οἷν
971 4127 1246 4181 απαντες
1274 4104 1496 4191 ἐφεξῆς
1525 4106 1788 4183 δεδιότες
1819 4130 1924 4172 τον
1956 4104 2147 4192 δῆμον
2177 4103 2322 4193 οἷχρι
2352 4109 2781 4174 Μετέλλου-τ
2812 4111 2976 4195 App.
3041 4193 3045 4197 φ

528 4218 633 4299 31,
684 4216 724 4303 ξ
763 4220 887 4284 138
937 4216 1169 4304 ὤμνυον
1209 4220 1274 4287 δὲ
1314 4246 1422 4287 και
1452 4246 1507 4287 οι
1536 4222 1734 4288 λοιποι
1772 4247 1836 4288 το
1873 4221 2091 4289 ἑαυτου
2123 4219 2384 4297 δεὸιῶς
2363 4225 2637 4300 ε’καστος.
2673 4227 2984 4301 Μέτελλος

528 4329 694 4398 δὀὐκ
727 4329 926 4419 ω’μοσε
958 4333 1174 4420 μόνος.
1205 4390 1217 4402 .
1251 4337 1308 4424 .).
1381 4337 1471 4402 Ut
1516 4359 1672 4403 vero
1722 4338 2164 4421 enucleemus,
2216 4360 2385 4423 quas
2418 4340 2658 4421 agendi
2688 4341 2981 4405 rationes

527 4447 679 4513 fons
734 4471 779 4513 x
825 4449 1032 4516 Mario
1081 4452 1404 4535 tribuerit,
1455 4453 1736 4539 primum
1786 4453 1853 4518 id
1899 4454 2137 4540 ipsum,
2202 4453 2379 4538 quod
2427 4459 2675 4520 certam
2720 4454 2983 4520 iurandi
3100 4525 3111 4536 ‚
