3485 5069
1556 352 1914 406 ..70—

688 527 1197 614 Caepionemque·
1251 526 1644 594 damnatum
1707 550 1852 594 esse
1912 528 2088 594 infra
2149 528 2664 596 demonstraturi
2734 532 2986 614 simuS,

688 666 825 709 una
872 643 1223 730 explicatio
1271 647 1522 710 restat:
1583 644 2041 730 peculatus
2091 644 2303 731 Caepio
2351 646 2461 711 vel
2517 647 2616 712 ita
2664 644 2967 712 convinci

686 763 968 846 poterat,
1004 764 1082 826 ut
1109 758 1436 847 quomodo
1471 781 1727 842 aurum,
1764 759 1844 825 (16
1878 782 2007 845 quo
2059 761 2404 844 agebatur,
2451 763 2545 827 ab
2594 783 2678 827 eo
2725 762 2909 828 'Polo
2935 800 2965 811 -

689 875 911 941 sanis
943 879 1294 962 ereptum
1328 879 1526 957 esset,
1559 877 1629 940 in
1670 874 1911 940 iudicio
1951 897 2086 941 non
2123 877 2476 962 patefieret
2516 876 2725 963 (Orosi
2749 878 2829 960 V,
2859 880 2963 961 15,

689 991 776 1056 25
822 992 1117 1057 narratio
1165 991 1513 1073 vulgatam
1562 990 1641 1056 de
1682 991 1918 1077 rapina
1966 991 2340 1077 opinionem
2388 991 2643 1081 reddit).

723 1125 1082 1191 Peculatus
1108 1125 1308 1215 igitur
1333 1125 1568 1212 Caepi0,
1604 1124 1780 1210 quod
1807 1124 1886 1190 de
1910 1124 2134 1211 praeda
2158 1126 2491 1192 Tolosana
2517 1126 2686 1192 clam
2709 1131 2967 1214 partem

512 1241 940 1327 seposuisset,
987 1263 1140 1306 reus
1174 1240 1396 1306 factus
1439 1244 1560 1306 est.
1632 1240 1863 1325 Neque
1898 1241 2146 1324 obstat,
2182 1241 2358 1327 quod
2389 1243 2738 1328 peculatus
2772 1265 2968 1308 accu-

512 1357 841 1423 sationem
888 1361 1033 1423 tum
1081 1356 1296 1422 solum
1343 1357 1693 1422 instituere
1739 1356 2004 1439 licebat,
2055 1379 2204 1422 cum
2254 1356 2333 1423 de
2365 1359 2512 1444 ipsa
2542 1357 2765 1444 praeda
2814 1359 2967 1445 (non

513 1473 592 1539 de
653 1474 862 1560 pretio
920 1472 1156 1559 praedae
1219 1471 1530 1559 venditae)
1594 1472 1845 1557 aliquid
1907 1472 2386 1559 deprehensum
2438 1478 2601 1557 erat,
2626 1475 2667 1561 ¹)
2738 1476 2836 1540 ita
2894 1478 2971 1540 ut

511 1591 844 1658 rarissime
871 1587 1235 1655 secundum
1263 1588 1583 1654 Catonem
1597 1586 1783 1674 (Gell.
1800 1589 1910 1671 XI,
1931 1591 2032 1670 18,
2057 1589 2159 1676 18)
2176 1593 2447 1675 peracta
2459 1590 2571 1673 sit,
2591 1611 2747 1654 nam
2766 1591 2968 1655 etiam

512 1708 902 1794 Scipionem,
952 1703 1129 1790 quod
1177 1703 1257 1768 de
1305 1725 1466 1769 auro
1499 1704 1811 1769 Antiochi
1858 1705 2029 1787 regis
2079 1704 2489 1788 abstulisset,
2539 1706 2607 1770 in
2653 1705 2968 1770 iudicium

510 1827 827 1889 vocatum
860 1843 1005 1888 esse
1040 1823 1445 1906 compertum
1478 1819 1825 1885 habemus,
1890 1820 2288 1905 Priusquam
2320 1821 2388 1885 in
2430 1821 2711 1887 formam
2746 1821 2970 1886 iudicii

511 1940 945 2024 inquiramuS,
997 1936 1367 2022 Caepionem
1416 1934 1811 2000 damnatum
1860 1956 2006 2001 esse
2054 1937 2511 2024 statuamuS.²)
2584 1936 2771 2016 Quod
2820 1959 2970 2002 cum

513 2057 792 2135 constet,
841 2054 977 2118 iam
1025 2055 1276 2117 ceteros
1323 2051 1521 2134 locos,
1572 2051 1815 2136 quibus
1865 2049 1944 2116 de
1993 2050 2443 2118 damnationis
2506 2075 2748 2118 causa
2806 2052 2971 2117 nihil

514 2170 867 2256 exponitur
913 2167 1031 2233 sed
1078 2166 1255 2233 exilii
1288 2166 1537 2232 mentio
1585 2167 1687 2249 fit,
1753 2165 1832 2232 de
1881 2167 2112 2232 eodem
2158 2167 2397 2233 iudicio
2446 2168 2895 2252 intelligamus
2924 2169 2968 2256 3)

515 2289 719 2371 atque
766 2306 849 2349 ex
893 2283 999 2348 his
1047 2304 1200 2348 eum
1248 2282 1442 2347 exilio
1491 2282 1854 2348 multatum
1902 2305 2048 2348 esse
2097 2283 2641 2372 concludamus.4)

729 2398 916 2480 Quod
977 2397 1063 2464 ad
1124 2398 1347 2463 iudicii
1405 2398 1688 2464 formam
1745 2399 2010 2481 attinet,
2070 2399 2287 2464 Cicero
2336 2400 2772 2484 quaestionem
2826 2401 2972 2465 auri

517 2516 829 2584 Tolosani
890 2538 1039 2582 cum
1100 2514 1468 2600 quaestione
1529 2515 2004 2581 coniurationis
2059 2515 2466 2599 Iugurthinae
2515 2519 2583 2582 et
2629 2517 2972 2599 rogatione

516 2632 823 2699 Peducea
856 2632 935 2698 de
965 2632 1227 2698 incestu
1275 2632 1638 2714 connectit,
1687 2630 1791 2715 (de
1824 2635 1965 2697 nat.
2003 2631 2083 2697 de
2114 2632 2220 2715 ΙΠ,
2260 2632 2361 2720 74)
2395 2633 2623 2718 itaque
2657 2633 2972 2717 quaestio-

517 2750 716 2815 nibus
786 2746 1327 2814 extraordinariis
1397 2745 1896 2813 adnumeratur.
1921 2748 1964 2834 5)
2057 2746 2423 2813 Videamus
2492 2748 2734 2831 igitur,
2815 2748 2973 2833 quid

737 2981 776 3047 ¹)
815 2978 884 3032 cf.
926 2978 1069 3032 fores
1109 2987 1302 3031 aeratas
1342 2978 1580 3031 Camilli:
1637 2978 1781 3030 Plut.
1823 2978 1970 3032 Cam.
2011 2978 2077 3031 12
2116 2979 2236 3030 Plin
2278 2978 2341 3031 N.
2383 2979 2449 3031 H.
2490 2979 2741 3045 XXXIV,
2781 2980 2833 3045 3,
2873 2980 2972 3049 133

519 3071 585 3123 de
624 3070 809 3137 praeda
847 3070 1122 3122 Asculana
1158 3068 1300 3120 Plut.
1339 3067 1523 3134 Pomp.
1555 3069 1604 3120 4.
1643 3067 1962 3132 Mommsen,
2000 3067 2155 3120 Rom.
2194 3067 2582 3134 Forschungen
2621 3068 2690 3134 II,
2729 3084 2813 3135 pg.
2841 3069 2972 3137 449,

519 3157 824 3213 Strafrecht
861 3174 947 3224 pg.
988 3158 1108 3211 765.

734 3246 772 3313 ²⁸)
810 3245 1004 3298 Strabo
1031 3247 1062 3297 l.
1092 3247 1126 3298 l.
1164 3246 1342 3297 Justin
1372 3246 1404 3297 1.
1436 3246 1467 3297 l.
1497 3244 1632 3296 Gen.
1662 3246 1695 3297 l.
1725 3247 1759 3297 l.
1787 3246 1912 3311 quia
1938 3246 2295 3312 proverbium,
2322 3246 2425 3297 nisi
2458 3261 2516 3298 re
2544 3260 2671 3297 vera
2696 3246 2975 3297 interitum

520 3352 710 3389 aurum
737 3335 1023 3401 attulisset,
1050 3350 1205 3386 sensu
1232 3341 1465 3401 careret,
1493 3350 1684 3385 aurum
1705 3336 1996 3387 secundum
2017 3341 2157 3387 auct.
2179 3334 2245 3387 de
2265 3336 2360 3386 vir.
2383 3335 2457 3386 ill.
2487 3335 2573 3401 73,
2599 3342 2975 3400 recuperatum

522 3424 827 3490 Caepionem
859 3422 1160 3473 convictum
1197 3437 1310 3473 esse
1337 3422 1557 3489 probat3
1588 3421 1773 3474 Dionis
1804 3421 1998 3491 συχνοὶ
2020 3420 2399 3492 ηὔθύνθησαν
2428 3422 2494 3475 (16
2534 3422 2861 3476 damnatis
2900 3425 2978 3474 in-

523 3512 809 3579 terpretari
847 3512 973 3562 licet
1012 3508 1080 3561 cf.
1118 3509 1253 3561 Ditt.
1282 3510 1412 3578 Syll.
1442 3510 1540 3563 No,
1563 3511 1648 3577 20,
1677 3512 1776 3579 20,
1797 3512 1919 3578 570,
1942 3512 2038 3579 13,
2069 3512 2209 3563 Plut.
2232 3512 2379 3578 Popl.
2410 3512 2502 3578 11,
2523 3512 2727 3565 Lucian
2751 3514 2871 3564 Am.
2890 3513 2972 3566 35.

739 3599 778 3667 ³)
816 3601 922 3654 Cic.
963 3615 1060 3666 pro
1100 3599 1269 3652 Balbo
1310 3599 1403 3667 28,
1445 3599 1659 3651 Tuscul.
1700 3599 1766 3666 V,
1808 3601 1899 3668 14,
1953 3598 2178 3652 fortasse
2228 3600 2496 3651 enuntiati
2535 3600 2627 3652 Cic
2684 3600 2831 3653 Brut.
2873 3601 2977 3654 135

523 3692 696 3744 altera
734 3705 859 3757 pars
896 3689 1037 3741 hanc
1075 3704 1292 3741 causam
1331 3694 1557 3755 spectat.

738 3780 777 3843 ⁴)
816 3779 1098 3831 AValerio
1118 3778 1263 3831 Max,
1280 3778 1372 3845 IV,
1390 3779 1488 3846 7,3
1515 3778 1780 3830 adductus
1805 3778 2006 3844 Lengle
2034 3794 2118 3844 pg.
2147 3777 2214 3829 29
2242 3794 2316 3843 sq.
2344 3778 2560 3829 tertiam
2585 3778 2977 3831 accusationem

523 3871 774 3937 postulat.
839 3870 914 3920 At
941 3877 1126 3921 contra
1153 3876 1453 3921 ceterorum
1479 3869 1785 3920 testimonia
1810 3867 2074 3934 Valerius,
2112 3874 2299 3919 auctor
2332 3867 2848 3934 neglegentissimuS,
2873 3883 2977 3920 non

523 3960 682 4011 valet.
756 3958 816 4010 L.
844 3957 1078 4025 Rhegini
1115 3958 1282 4024 igitur
1320 3958 1770 4024 intercessionem,
1811 3972 1929 4022 quae
1968 3972 2088 4008 cum
2128 3956 2285 4008 exilio
2311 3963 2427 4009 arte
2456 3957 2707 4022 cohaeret,
2746 3956 2814 4007 ad
2839 3957 2978 4008 hanc

523 4049 750 4101 alteram
789 4048 1066 4113 peculatus
1105 4062 1317 4099 causam
1365 4054 1787 4112 transponamus.
1846 4045 2180 4098 Censendum
2232 4052 2312 4098 est
2355 4046 2649 4112 Valerium,
2693 4046 2749 4096 in
2801 4061 2980 4097 excer-

523 4136 701 4203 pendo
726 4134 895 4203 fonte,
923 4137 1014 4202 qui
1041 4135 1302 4202 Caepionis
1330 4142 1499 4187 totam
1534 4135 1699 4186 vitam
1727 4136 1908 4187 statim
1935 4142 2054 4201 post
2080 4135 2287 4187 cla-dem
2313 4135 2821 4201 abrogationemque
2860 4149 2979 4185 nar-

523 4226 698 4292 rabat,
736 4226 836 4291 (ita
871 4225 1055 4277 Livius
1095 4223 1163 4277 cf.
1191 4223 1356 4292 infra)
1397 4240 1517 4276 cum
1557 4225 1697 4277 bello
1732 4224 1997 4277 Cimbrico
2035 4240 2224 4276 aurum
2250 4224 2571 4276 Tolosanum
2611 4231 2976 4276 commutasse.

523 4314 642 4367 Val.
669 4314 812 4366 Max,
840 4314 933 4381 VI,
972 4315 1135 4381 9,13,
1172 4314 1240 4366 de
1280 4330 1382 4380 quo
1420 4313 1637 4380 Ziegler
1673 4315 1706 4365 1.
1736 4316 1769 4365 l.
1801 4330 1885 4380 pg.
1913 4315 1981 4367 13
2019 4320 2216 4381 monet,
2257 4314 2364 4365 noli
2401 4312 2672 4364 adhibere.

741 4403 782 4471 ⁵)
821 4401 890 4456 cf.
920 4402 1068 4455 Oros.
1092 4402 1156 4468 V,
1179 4404 1264 4469 15,
1290 4403 1384 4471 25,
1411 4402 1706 4455 Mommsen
1736 4401 2069 4454 Staatsrecht
2089 4401 2183 4469 11³,
2209 4403 2329 4468 666,
2350 4402 2409 4469 4,
2437 4401 2638 4466 Lengle
2666 4416 2752 4466 pg.
2774 4400 2860 4466 29,
2881 4399 2977 4468 30,

527 4492 832 4547 Strafrecht
871 4493 991 4560 198,
1031 4493 1077 4545 1.
