3485 5069
1592 370 1982 423 ..106—

557 546 733 612 domi
793 547 1019 629 habet,
1085 546 1339 612 amicus
1401 549 1604 632 atque
1668 546 1948 612 aemulus
2010 547 2118 631 sit,
2168 548 2428 632 equites
2473 549 2760 614 Romani
2822 537 3010 615 dam-

555 666 725 728 nant
768 663 1079 747 legesque
1128 662 1271 727 eius
1320 664 1597 727 senatus
1646 662 1928 745 abrogat
1975 660 2099 749 (pg.
2135 652 2263 751 99).

768 782 1003 843 Anno
1053 779 1164 842 97:
1257 776 1571 842 Eiusdem
1644 776 1990 843 Saturnini
2051 777 2347 844 amicitia
2404 779 2695 845 Deciano
2758 780 3011 845 crimini

557 892 788 976 datur,
890 893 1004 977 qui
1086 895 1350 978 propter
1431 893 1852 958 tribunatum
1923 892 2236 958 seditiose
2308 897 2533 959 actum
2603 895 2672 959 in
2742 895 3010 961 exilium

557 1009 865 1074 mittitur.

767 1125 947 1188 Ann
967 1144 1004 1188 o
1039 1125 1125 1188 96
1163 1121 1272 1211 (Ῥ);
1322 1124 1449 1190 Tot
1479 1123 1776 1189 victoriis
1809 1123 1968 1190 elati
2000 1124 2257 1190 nobiles
2291 1125 2357 1190 C.
2383 1125 2773 1191 Norbanum
2804 1127 3010 1192 maie-

558 1239 756 1304 statis
805 1242 1158 1323 accusant3
1209 1261 1359 1304 cum
1407 1242 1635 1304 autem
1681 1239 2018 1305 Antonius
2064 1243 2388 1326 patronus
2433 1244 2631 1306 vetus
2662 1242 2732 1306 in
2764 1241 3009 1328 Caepio-

556 1376 710 1420 nem
757 1354 981 1420 odium
1028 1354 1424 1420 resuscitare
1471 1355 1703 1441 possit,
1770 1355 2029 1440 equites
2075 1377 2261 1420 reum
2310 1355 2674 1422 absolvunt
2721 1356 2844 1444 (pg.
2882 1357 3009 1445 63).

767 1472 1003 1536 Anno
1074 1471 1191 1536 95:
1276 1471 1361 1536 M.
1436 1471 1714 1537 Crassus
1790 1476 2013 1538 orator
2089 1474 2161 1554 Q.
2227 1474 2597 1560 Caepionem
2689 1473 3012 1538 iuniorem

559 1585 855 1651 defendit
902 1585 1030 1672 (63,
1059 1588 1099 1650 2
1126 1609 1138 1651 ε
1167 1585 1293 1673 66).

769 1704 1006 1768 Α11116
1056 1703 1172 1767 92:
1245 1701 1546 1768 Profecto
1595 1703 1666 1768 in
1714 1703 1985 1769 exilium
2031 1704 2282 1769 Rutilio
2329 1704 2506 1770 Rufo
2553 1704 2637 1770 M.
2691 1703 3011 1769 Aemilius

559 1815 849 1882 Scaurus
911 1840 954 1883 a
1000 1817 1071 1897 Q.
1134 1817 1436 1904 Caepione
1496 1819 2015 1906 repetundarum
2077 1841 2229 1885 reus
2277 1820 2501 1886 factus
2549 1821 2768 1906 ipsum
2816 1841 3011 1885 accu-

559 1935 849 1998 satorem
895 1934 1077 2019 prius
1126 1955 1400 1999 causam
1449 1933 1660 2000 dicere
1709 1935 1885 2018 cogit
1931 1934 2055 2022 (pg.
2094 1935 2286 2023 65‚6).

735 2049 960 2114 Anno
1009 2049 1124 2113 91:
1174 2048 1247 2128 Q.
1297 2049 1510 2136 Caepio
1557 2053 1796 2136 praetor
1857 2052 2168 2117 acerrime
2216 2051 2301 2118 M.
2357 2050 2548 2116 Livio
2597 2050 2810 2116 Druso
2857 2051 3007 2116 trib.

558 2162 644 2249 pl.
692 2163 946 2229 resistit
993 2163 1117 2250 (pg.
1155 2164 1281 2252 65).

771 2279 1005 2345 Α11116
1077 2281 1194 2346 90:
1273 2279 1562 2345 Scaurus
1631 2281 1775 2364 lege
1819 2280 2028 2347 Varia
2094 2283 2378 2368 primum
2448 2283 2533 2347 ab
2596 2281 2738 2368 ipso
2787 2280 3009 2364 Varie,

561 2393 815 2477 deinde,
864 2399 1219 2482 postquam
1292 2396 1436 2462 sola
1505 2397 1926 2481 auctoritate,
1990 2418 2125 2482 qua
2194 2397 2372 2484 apud
2444 2397 2760 2484 populum
2806 2397 3009 2480 valet,

561 2531 835 2576 causam
888 2510 1063 2595 vicit,
1113 2511 1354 2578 iterum
1403 2533 1445 2577 a
1492 2512 1794 2599 Caepione
1842 2513 2199 2580 arcessitur
2246 2512 2370 2601 (pg.
2408 2515 2511 2596 65,
2541 2513 2623 2601 6).

775 2626 988 2713 Caepio
1036 2649 1151 2713 pro
1199 2632 1477 2714 praetore
1523 2629 1592 2693 in
1639 2629 1813 2695 bello
1861 2629 2142 2695 Marsico
2192 2629 2509 2695 occiditur
2557 2628 2685 2715 (65,
2714 2630 2796 2717 3).
