3485 5069
1697 352 2051 405 -96-

645 533 1050 616 testimoniO,
1101 532 1410 617 quamvis
1458 531 1598 616 ipse
1645 530 1803 595 Furi
1850 530 2269 595 tribunatum
2315 530 2386 594 in
2434 551 2588 597 ann.
2626 531 2753 596 100
2801 530 3096 614 collocet,

649 672 708 716 a.
745 652 829 715 98
879 649 1230 730 coniectat,
1278 650 1455 713 recte
1492 647 1666 712 inter
1698 645 1867 712 duas
1902 667 2142 711 causas
2177 645 2599 712 distinctione
2644 646 2830 712 facta
2885 647 3103 735 (aliter

646 765 853 831 Klebs
913 763 1369 851 Pauly-WiSS.
1423 762 1499 845 II,
1557 762 1730 850 259).
1825 762 2115 826 Primam
2175 762 2377 844 igitur
2437 783 2712 828 causam
2771 763 3097 829 habemus

649 881 942 964 Deciani,
993 880 1274 945 alteram
1322 877 1616 960 Canulei,
1666 880 2020 962 utramque
2067 877 2135 941 in
2184 898 2437 942 annum
2483 881 2635 963 post
2680 879 3100 945 tribunatum

650 995 1174 1083 collocandam.¹)
1224 994 1552 1075 Quoniam
1578 996 1807 1058 autem
1840 992 1905 1058 C.
1934 992 2298 1079 Appuleius
2324 993 2655 1058 Decianus
2680 995 2989 1060 tribunus
3014 992 3098 1082 pl.

652 1111 799 1197 (Cic.
836 1133 950 1198 pro
983 1110 1218 1176 Flacco
1254 1111 1289 1174 7
1301 1112 1367 1193 ’ῖς
1417 1108 1632 1175 Schol.
1668 1109 1877 1174 Bobb.
1914 1109 2047 1174 230
2080 1108 2207 1196 Or.)
2254 1109 2592 1195 popularis
2626 1108 2862 1196 (Schol.
2890 1111 3098 1177 Bobb.

652 1227 778 1292 Cic.
834 1248 949 1313 pro
1006 1226 1175 1291 Rab.
1224 1225 1356 1311 24),
1440 1225 1554 1309 qui
1613 1224 1684 1289 L.
1728 1223 2068 1289 Valerium
2137 1225 2411 1289 Flacum
2460 1229 2897 1292 accusaverat
2966 1226 3101 1313 (pro

650 1342 884 1407 Flacco
916 1342 1040 1430 77),
1097 1347 1199 1425 „in
1231 1343 1522 1407 ultionem
1552 1342 1822 1423 Appzdez'
1852 1341 2219 1406 ὁῖιίιινηὶηι·ιι
2278 1340 2513 1425 (Schol.
2550 1341 2781 1428 Bobb.)
2829 1343 3101 1408 Furium

650 1479 837 1524 reum
895 1457 1134 1523 fecisse
1195 1456 1452 1539 dicitur,
1516 1478 1653 1522 non
1712 1455 2002 1521 reditum
2063 1455 2312 1521 Metelli
2371 1456 2781 1542 impeditum,
2832 1458 2949 1523 sed
2994 1481 3101 1524 ro-

653 1573 990 1656 gationem
1052 1573 1131 1639 de
1193 1571 1657 1639 seditiosorum
1716 1572 1911 1637 bonis
1967 1571 2385 1657 publicandis
2433 1574 2494 1638 ei
2541 1574 2792 1638 crimini
2844 1573 3103 1641 dedisse

652 1687 991 1777 videtur.2)
1084 1689 1468 1755 Difficultas
1535 1688 1689 1753 inde
1762 1689 1987 1772 oritur,
2059 1687 2235 1772 quod
2305 1688 2669 1754 secundum
2730 1689 3105 1757 Ciceronem

656 1803 719 1892 (ξ
767 1805 854 1868 24
907 1825 1181 1891 „summo
1226 1808 1430 1871 studio
1478 1807 1777 1871 bonorum
1810 1804 2147 1892 omnium“)
2198 1805 2554 1890 optimates
2586 1804 2862 1871 Deciani
2910 1829 3105 1872 accu-

656 1920 986 1986 sationem
1035 1919 1454 2002 adiuverant,
1518 1917 1884 1984 secundum
1931 1919 2211 1984 Dionem
2259 1922 2487 1984 autem
2544 1918 2684 2006 (frg.
2722 1921 2826 2004 95,
2856 1922 2917 2008 3)
2966 1923 3107 2008 ipse

654 2035 914 2119 Furius,
964 2035 1247 2122 primum
1307 2034 1645 2100 nobilitati
1690 2034 2015 2118 infensuS,
2077 2037 2312 2120 postea
2358 2035 2500 2118 lege
2555 2036 2625 2101 in
2672 2036 3108 2103 Saturninum

655 2153 892 2234 rogata
923 2149 1011 2216 ad
1058 2173 1206 2216 eam
1252 2151 1632 2216 transierat.
1683 2150 2122 2237 Optimatium
2154 2151 2355 2234 igitur
2387 2152 2634 2218 auxilio
2673 2152 2929 2218 factum
2962 2176 3107 2220 esse

655 2265 940 2349 videtur,
1013 2268 1090 2332 ut
1153 2266 1428 2331 Deciani
1498 2287 1774 2331 causam
1843 2266 2083 2332 Furius
2151 2267 2465 2333 vinceret.
2584 2267 2715 2332 Sed
2781 2270 3105 2335 nobilium

658 2381 1094 2464 cogitationes
1149 2381 1374 2446 verius
1445 2380 1732 2446 fortasse
1810 2381 2028 2447 Cicero
2100 2383 2437 2468 explanat,
2510 2404 2660 2448 cum
2721 2385 2790 2449 in
2836 2385 3110 2450 Furium

659 2497 1082 2564 acerbissime
1129 2496 1388 2563 invehit
1429 2495 1563 2583 (pro
1595 2497 1765 2563 Rab.
1801 2496 1929 2585 24).
2000 2497 2174 2563 Nam
2207 2497 2490 2564 eundem
2524 2498 2754 2565 eodem
2786 2499 2897 2567 illo
2931 2522 3109 2567 anno

659 2635 700 2679 a
733 2612 1067 2696 Canuleio,
1119 2612 1295 2698 quod
1326 2613 1575 2679 Metelli
1620 2613 1911 2679 reditum
1943 2613 2401 2700 impedivisset
2432 2614 2618 2702 (App.
2653 2616 2699 2699 I,
2736 2617 2841 2700 33,
2877 2615 2917 2704 ξ
2948 2618 3105 2701 147;

660 2727 783 2794 Dio
817 2728 938 2811 frg.
976 2729 1080 2811 95,
1108 2728 1192 2815 2),
1228 2733 1620 2794 accusatum
1653 2730 2011 2815 optimates
2046 2729 2496 2796 deseruerunt.
2546 2732 2779 2816 Itaque
2811 2732 3107 2798 nondum

657 2847 929 2930 peracta
961 2865 1168 2909 causa
1198 2844 1555 2910 tribunicia
1573 2846 1618 2932 ³)
1668 2866 1709 2909 a
1741 2845 1982 2932 populo
2017 2844 2348 2911 laceratus
2383 2850 2503 2912 est.
2590 2847 2791 2912 Cuius
2823 2848 3111 2914 furorem

659 2964 737 3024 ut
798 2958 1218 3045 explicemUS,
1283 2960 1352 3024 in
1411 2964 1722 3047 promptu
1784 2964 1888 3026 est
1947 2961 2157 3047 ipsius
2206 2961 2452 3028 Metelli
2500 2962 2773 3046 redituS,
2837 2965 2969 3048 qui,
3035 2968 3113 3030 ut

658 3073 924 3139 videtur
957 3074 1060 3159 (cf.
1095 3075 1272 3142 infra
1301 3097 1405 3162 pg.
1435 3076 1562 3164 98),
1612 3076 1847 3142 iisdem
1882 3076 2136 3160 diebus,
2187 3081 2361 3143 certe
2394 3081 2622 3143 autem
2662 3100 2812 3144 cum
2858 3080 3114 3162 ingenti

659 3189 871 3276 plebis
919 3190 1141 3255 studio
1191 3213 1270 3256 ac
1314 3191 1546 3257 favore
1592 3191 1817 3257 factus
1852 3195 1957 3258 est
1989 3193 2182 3280 (App.
2219 3191 2259 3280 ξ
2295 3195 2447 3276 149;
2488 3193 2802 3260 Claudius
2833 3195 3112 3275 Quadri-

661 3305 883 3388 garius
930 3305 1051 3385 frg.
1092 3307 1174 3371 76
1221 3306 1458 3395 Peter).

875 3420 946 3485 Si
992 3422 1140 3505 quis
1187 3443 1344 3487 vero
1379 3444 1414 3487 e
1447 3422 1573 3489 Cic.
1608 3444 1723 3509 pro
1757 3423 1927 3489 Rab.
1962 3424 2076 3507 243
2113 3423 2258 3489 Val.
2293 3424 2468 3489 Max,
2504 3423 2545 3489 l.
2579 3423 2621 3489 1.
2657 3423 2871 3491 Schol.
2904 3425 3111 3491 Bobb.

663 3537 814 3619 230,
863 3538 1095 3602 statim
1142 3542 1296 3624 post
1340 3539 1496 3603 Furi
1544 3539 2036 3605 absolutionem
2082 3539 2449 3605 Decianum
2506 3543 2897 3605 accusatum
2968 3562 3115 3607 esse

664 3652 1014 3736 concludit,
1063 3653 1131 3718 id
1189 3657 1427 3740 praeter
1471 3656 1565 3719 rei
1623 3655 1905 3742 publicae
1952 3654 2520 3737 consuetudinem,
2594 3677 2741 3740 quae
2811 3656 3117 3722 tribunos

665 3768 965 3833 accusari
1009 3771 1311 3852 vetabat,
1341 3770 1667 3836 Ciceronis
1714 3771 1923 3836 verba
1971 3770 2105 3857 (pro
2153 3771 2388 3837 Flacco
2440 3773 2547 3836 77:
2602 3774 2757 3858 „illa
2805 3777 2911 3854 qui
2956 3776 3118 3840 diem

663 3885 843 3960 dixit,
892 3904 1015 3950 non
1050 3890 1330 3967 potuerit
1362 3891 1660 3969 privatus
1706 3892 1771 3953 in
1818 3892 2062 3954 civitate
2108 3887 2507 3973 consistere“)
2561 3909 2696 3953 non
2741 3889 3111 3974 patiuntur.

666 3996 918 4062 Eadem
961 4000 1166 4064 etiam
1202 4001 1473 4066 exilium
1499 4003 1641 4067 eius
1673 4005 2013 4068 testantur
2030 4000 2133 4090 (cf.
2162 4002 2377 4069 Schol.
2412 4003 2620 4069 Bobb.
2656 4004 2829 4090 230).
2900 4005 3116 4069 Accu-

885 4210 923 4278 ι)
961 4213 1166 4265 tribuni
1203 4216 1257 4266 in
1296 4216 1412 4282 ipso
1451 4216 1770 4282 magistratu
1808 4219 2050 4269 accusari
2085 4233 2191 4270 non
2232 4218 2480 4270 solebant
2518 4217 2588 4271 cf.
2615 4236 2700 4287 pg.
2730 4220 2814 4274 57.

881 4299 922 4369 ²)
963 4300 1030 4354 cf.
1073 4303 1181 4356 Cic.
1230 4303 1368 4357 Rab.
1416 4305 1484 4357 24
1536 4304 1640 4371 „de
1690 4320 1798 4372 quo
1854 4312 1916 4359 tu
1966 4321 2107 4374 soepe
2158 4309 2608 4374 commemoras“;
2644 4308 2915 4361 Labienus
2953 4310 3126 4375 igitur

665 4389 894 4443 Deciani
930 4393 1175 4459 exemplo
1211 4394 1329 4445 iure
1368 4408 1423 4445 se
1461 4392 1739 4445 Rabirium
1778 4410 2029 4447 accusare
2067 4395 2347 4461 probabat.

884 4480 925 4546 8)
963 4482 1104 4547 App.
1134 4483 1169 4533 1.
1197 4482 1231 4534 l.
1272 4480 1300 4533 ὅ
1340 4480 1520 4553 δῆμος
1556 4480 1692 4534 οὐδὲ
1730 4482 1855 4539 τούς
1892 4481 2080 4549 λόγους
2118 4482 2457 4554 ὑπομείνας-ς
2495 4486 2598 4539 Dio
2635 4488 2666 4539 l.
2696 4487 2727 4548 l,
2766 4485 2826 4538 ἐν
2852 4484 3126 4557 ἐκκλησίᾳ.
