3485 5069
1561 351 1621 358 —-
1702 320 1946 374 104—

527 498 930 564 Saturninus
1007 497 1219 579 timet,
1299 499 1446 561 orta
1523 496 1747 561 subito
1825 495 2148 562 seditione
2217 496 2289 561 P.
2362 496 2637 563 Mettius
2708 497 2977 583 quidam

526 616 785 700 arrepto
834 613 1012 696 ligno
1074 613 1143 676 in
1212 612 1356 698 ipso
1420 632 1651 697 campo
1715 612 2036 677 interficit
2082 610 2206 698 (pg.
2243 613 2370 700 84).
2422 612 2562 692 Quo
2609 614 2980 699 perturbati

525 734 770 817 patreS,
842 751 926 794 ne
973 728 1041 794 in
1111 731 1329 794 totum
1401 731 1710 793 senatum
1779 727 2001 814 populi
2072 727 2255 793 furor
2323 732 2713 814 erumperet,
2783 729 2978 795 veriti

524 845 807 911 Marium
867 844 1138 925 adeunt,
1212 846 1290 908 ut
1362 842 1573 929 plebis
1635 843 1804 908 iram
1881 846 2275 929 compescat.
2368 843 2598 929 Neque
2656 844 2978 910 auxilium

525 961 774 1026 Marius
809 960 1094 1043 denegat
1141 959 1258 1025 sed
1305 959 1602 1025 oratione
1649 959 1888 1024 habita
1920 958 2311 1024 seditionem
2344 961 2639 1046 reprimit
2685 963 2814 1046 (pg.
2850 961 2975 1049 86).

526 1076 831 1141 Proximo
878 1078 1106 1141 autem
1155 1075 1568 1140 comitiorum
1615 1074 1718 1140 die
1767 1074 2069 1161 populus,
2119 1075 2232 1160 qui
2277 1074 2522 1140 caedem
2554 1097 2689 1141 non
2719 1077 2976 1162 probat,

525 1194 603 1257 A.
638 1192 974 1274 Albinum,
1002 1191 1219 1256 virum
1257 1190 1567 1272 nobilem,
1604 1190 1942 1255 consulem
1976 1189 2283 1273 designat
2316 1190 2435 1277 (pg.
2482 1192 2617 1278 85).
2651 1191 2980 1257 Praeterea

527 1306 869 1373 Saturnini
894 1307 1265 1393 potentiam
1289 1306 1550 1388 minuit,
1571 1305 1748 1391 quod
1773 1305 1859 1370 ad
1884 1309 2194 1371 senatum
2218 1306 2468 1372 Marius
2493 1308 2707 1389 magis
2733 1307 2977 1390 magis-

527 1444 654 1509 que
679 1422 976 1488 inclinat.
1049 1422 1349 1502 Quicum
1392 1422 1477 1486 ab
1526 1422 1964 1507 optimatibus
1985 1421 2566 1508 popularibusque,
2600 1426 2678 1488 ut
2715 1422 2843 1488 sibi
2873 1422 2977 1488 fa-

526 1542 731 1619 veret,
782 1537 894 1603 diu
938 1538 1241 1603 certatim
1295 1538 1626 1603 invitatus
1681 1541 1879 1619 esset,
1930 1536 2016 1602 ad
2064 1538 2420 1624 optimates
2467 1537 2662 1624 plane
2713 1539 2975 1621 transit,

525 1657 880 1742 postquam
894 1654 1150 1738 equites
1165 1675 1206 1717 a
1218 1652 1578 1718 Saturnino
1605 1651 1989 1718 defecerunt
2015 1652 2137 1739 (pg.
2155 1654 2281 1738 86).
2302 1654 2535 1738 Itaque
2558 1676 2641 1719 ne
2653 1653 2979 1740 paulatim

527 1770 952 1857 opprimatur,
1003 1767 1423 1834 audaciorem
1482 1769 1551 1832 in
1600 1767 1739 1834 dies
1790 1767 2193 1834 Saturninus
2250 1790 2322 1834 se
2369 1769 2565 1851 gerit:
2637 1770 2978 1835 contiones

526 1885 1118 1952 turbulentissimae
1176 1884 1547 1965 habentur3
1621 1884 1855 1949 crescit
1923 1905 2165 1967 rumor,
2246 1906 2396 1950 eum
2473 1907 2515 1949 a
2575 1884 2979 1951 satellitibus

526 2022 745 2085 regem
808 2000 1123 2087 appellari
1198 1999 1322 2086 (pg.
1369 2002 1496 2087 87).
1591 2000 1890 2084 Denique
1941 2000 2375 2086 ‚optimatium
2437 2001 2740 2087 precibus
2802 2022 2977 2067 com-

528 2122 770 2199 motUS,
820 2116 1107 2181 maxime
1169 2114 1634 2181 adhortatione
1684 2115 1934 2198 Scauri,
1996 2137 2079 2180 ne
2144 2115 2448 2182 consules
2507 2115 2978 2202 impedimento

528 2234 682 2315 sint,
732 2232 1064 2297 monentis
1098 2230 1222 2317 (pg.
1261 2232 1386 2319 19),
1435 2230 1683 2296 Marius
1730 2232 2076 2317 promittit,
2127 2253 2292 2313 sese,
2343 2232 2400 2297 si
2430 2235 2654 2318 patres
2702 2235 2979 2298 senatus

529 2347 906 2415 consultum
953 2346 1262 2412 ultimum
1320 2346 1748 2428 decreverint,
1792 2348 1852 2412 ei
1912 2338 2523 2433 ohtemperaturum
2556 2368 2722 2413 esse.
2771 2347 2978 2413 Mario

526 2464 730 2548 igitur
773 2463 1098 2529 referente
1147 2462 1529 2528 consulibus
1578 2463 1643 2528 O.
1678 2462 1886 2528 Mario
1935 2462 2006 2528 L.
2040 2462 2305 2528 Valerio
2339 2462 2572 2528 Flacco
2623 2464 2979 2530 committi-

528 2584 655 2662 tur,
693 2583 768 2646 ut
798 2602 935 2645 rem
967 2579 1302 2666 publicam
1337 2582 1567 2645 contra
1599 2578 1952 2645 seditiosos
1987 2578 2350 2645 defendant
2381 2579 2505 2666 (pg.
2546 2581 2672 2664 13).
2723 2581 2978 2647 Vocato

528 2696 833 2782 deinceps
880 2694 967 2761 ad
1016 2717 1207 2760 arma
1252 2695 1493 2781 populo
1542 2696 1876 2780 armisque
1938 2717 1972 2762 e
2020 2695 2266 2781 templo
2315 2695 2572 2761 Sancus
2620 2700 2825 2782 atque
2873 2719 2978 2763 ar·-

527 2812 982 2877 mamentariis
1061 2811 1287 2877 allatis
1348 2814 1691 2877 senatores
1755 2833 2005 2895 omnes,
2069 2812 2135 2877 in
2179 2833 2456 2897 quorum
2518 2834 2791 2879 numero
2839 2815 2979 2901 ipse

528 2927 816 2992 Scaurus
909 2930 977 2992 et
1053 2925 1351 2992 Scaevola
1440 2948 1653 3009 augur
1742 2949 1935 2992 senes
1998 2929 2175 3008 sunt,
2267 2928 2335 2991 in
2418 2929 2756 2993 comitium
2830 2951 2977 2995 con-

527 3043 809 3108 veniunt
858 3042 982 3129 (pg.
1026 3044 1152 3130 18).
1224 3042 1399 3106 Dum
1428 3041 1736 3107 Valerius
1771 3041 2002 3107 collem
2035 3042 2458 3125 Quirinalem,
2498 3044 2832 3109 Antonius
2864 3065 2978 3130 pro

528 3157 796 3224 consule
855 3157 1237 3223 Janiculum
1300 3180 1448 3223 cum
1518 3157 1720 3243 copiis
1785 3158 2109 3239 obtinent,
2175 3158 2444 3241 Marius,
2506 3180 2591 3224 ne
2653 3181 2735 3224 ex
2805 3159 2979 3242 agris

526 3274 754 3340 rustici
803 3273 1163 3339 Saturnino
1212 3274 1536 3339 auxilium
1582 3272 1824 3355 ferant,
1883 3274 2090 3359 portis
2150 3275 2572 3340 communitis
2629 3274 2980 3341 seditiosos

526 3390 594 3455 in
642 3390 803 3455 urbe
850 3388 1147 3455 includit.
1242 3389 1368 3469 Qui
1416 3412 1565 3454 cum
1611 3390 1870 3455 vocatis
1920 3389 2004 3454 ad
2051 3389 2427 3455 libertatem
2477 3390 2686 3456 servis
2732 3390 2979 3456 bellum

528 3506 875 3582 moverint,
927 3505 1281 3570 commissa
1327 3505 1392 3569 in
1442 3504 1583 3570 foro
1631 3526 1858 3591 pugna
1905 3504 2146 3570 devicti
2210 3504 2606 3591 Capitolium
2654 3508 2981 3592 occupant

529 3621 652 3707 (pg.
690 3621 817 3705 86).
914 3620 1011 3684 Ibi
1068 3643 1110 3685 a
1155 3620 1362 3685 Mario
1411 3619 1817 3686 obsidentur.
1881 3620 2111 3685 Incisis
2160 3624 2387 3685 autem
2434 3642 2758 3705 aquarum
2805 3621 2979 3685 Mar-

529 3736 645 3801 ciee
692 3738 760 3800 et
807 3734 1074 3821 Tepulae
1122 3735 1452 3822 (pg.89,1)
1499 3734 1753 3800 fistulis
1808 3735 2223 3822 repulsaque,
2297 3758 2495 3822 quam
2566 3758 2681 3822 per
2737 3735 2981 3801 clivum

528 3849 973 3937 Capitolinum
1028 3850 1245 3915 facere
1308 3851 1529 3915 conati
1592 3853 1770 3933 sunt,
1835 3851 2176 3936 eruptione
2239 3851 2642 3917 Saturninus
2690 3851 2980 3936 sociique

527 3966 787 4031 Sauffei
834 3966 1183 4051 quaestoris
1231 3965 1598 4048 consilium,
1672 3970 1751 4030 ut
1797 3966 2118 4052 templum
2177 3966 2556 4049 incendant,
2628 3988 2761 4032 non
2831 3989 2980 4053 pro-

526 4083 768 4148 bantes
804 4103 952 4147 cum
984 4082 1192 4147 Mario
1225 4085 1572 4167 tamquam
1608 4082 1876 4147 consule
1911 4081 2377 4167 colloquuntur
2407 4081 2532 4169 (pg.
2569 4083 2697 4168 93).
2760 4083 2980 4167 Atque

529 4218 937 4282 quamquam
985 4197 1388 4262 Saturninus
1437 4200 1660 4280 antea,
1724 4200 1802 4262 ut
1863 4219 1905 4262 a
1965 4196 2289 4262 militibus
2339 4196 2570 4262 consul
2618 4196 2978 4281 deseratur,

529 4334 778 4396 magna
824 4334 985 4378 voce
1034 4313 1245 4379 totius
1295 4312 1640 4379 seditionis
1688 4318 2027 4379 auctorem
2076 4334 2226 4378 eum
2277 4311 2660 4396 declaravit,
2709 4313 2978 4394 MariuS,

527 4430 668 4494 sive
716 4428 1046 4494 factorum
1094 4450 1245 4494 eum
1292 4429 1516 4515 pudet,
1552 4429 1693 4495 sive
1727 4428 1974 4512 studet,
2021 4432 2097 4494 ut
2133 4449 2334 4513 quam
2369 4427 2697 4493 celerrime
2731 4428 2980 4493 tumul-
