3485 5069
1609 335 1965 387 ..62-

565 511 749 577 dant.
843 511 940 577 De
988 512 1246 577 ratione
1292 512 1392 577 ita
1463 513 1833 595 ambigunt,
1906 516 1984 577 ut
2053 512 2400 598 Appianus
2471 511 2598 597 (28,
2650 512 2798 577 127.
2866 513 3015 600 128)

561 628 872 692 iniuriam
922 649 964 692 a
993 627 1261 693 Nunnio
1312 626 1589 693 ducibus
1636 627 2054 714 popularium
2101 627 2384 693 inlatam
2431 628 2778 714 minasque
2811 628 3015 692 inter-

564 743 901 825 cessionis,
953 744 1150 808 ceteri
1198 764 1354 808 vero
1405 742 1607 828 (Oros,
1656 743 1799 808 Per.
1847 747 2023 809 auct.
2069 742 2149 808 de
2195 744 2317 809 vir.
2362 742 2451 808 ill.
2490 744 2592 826 73,
2654 742 2803 810 Val.
2837 743 3013 809 MaX.

562 859 672 943 IX,
721 861 779 941 7,
814 860 875 946 3)
926 862 995 924 et
1058 858 1232 924 idem
1280 859 1624 945 Appianus
1683 859 1754 923 in
1815 857 1856 945 ξ
1907 860 2053 941 128,
2116 857 2339 945 paullo
2402 857 2745 942 occultius,
2807 859 3016 945 ipsius

566 952 912 1041 Saturnini
961 975 1362 1040 creationem
1411 995 1685 1039 causam
1735 973 2027 1040 caedendi
2057 973 2285 1039 Nunni
2330 974 2538 1039 fuisse
2585 974 2815 1041 velint.
2882 973 3017 1039 Eli-

564 1089 761 1173 gendi
835 1090 1251 1174 facultatem,
1332 1091 1647 1176 quoniam
1726 1090 1942 1155 ambae
2016 1090 2335 1156 lectiones
2406 1094 2584 1155 stare
2654 1094 3015 1177 nequeunt,

566 1206 912 1292 Appianus
960 1206 1230 1292 praebet,
1281 1206 1395 1291 qui
1442 1206 1721 1271 alteram
1778 1206 1919 1291 ipse
1966 1209 2162 1272 notat
2207 1209 2555 1290 tamquam
2600 1206 2695 1270 rei
2739 1206 3019 1292 publicae

567 1320 1117 1387 consuetudinem
1164 1321 1622 1405 neglegentem
1671 1320 1749 1408 (οἱ
1793 1319 1925 1406 περὶ
1969 1320 2076 1387 τὸν
2107 1320 2420 1387 Γλαυκίαν
2465 1315 2650 1401 ,οὔπω
2683 1325 2790 1387 τοῦ
2823 1318 3020 1408 δῆμον

568 1435 982 1514 συνελῖῖόντος(
1023 1432 1133 1522 ἅμ’
1175 1437 1253 1527 ἕῳ
1294 1441 1695 1523 χειροτονοῦσι
1732 1437 2049 1522 δήμαρχον
2077 1433 2598 1523 τὸνἈπουλήιον)
2645 1436 3020 1522 falsamque

569 1550 863 1619 Glauciae
909 1557 1266 1639 praeturam
1315 1553 1765 1636 exhibentem,
1815 1554 1973 1639 quia
2035 1552 2292 1618 facilior
2361 1557 2506 1618 erat
2557 1551 2900 1619 intellectu
2953 1555 3022 1618 et

570 1668 932 1735 Saturnino
980 1669 1319 1748 infensior,
1370 1689 1598 1734 omnes
1637 1668 1861 1734 fontes
1896 1669 2265 1755 occupavit.
2286 1670 2327 1756 1)
2397 1669 2536 1734 Nec
2580 1667 3023 1755 spernendum

567 1783 836 1850 Diodori
881 1785 1360 1867 testimonium,
1409 1805 1538 1869 quo
1580 1789 1828 1849 certam
1861 1784 2204 1850 Saturnini
2257 1783 2781 1867 designationem
2812 1782 3022 1849 fuisse

574 1899 908 1982 docemur3
957 1922 1104 1986 quae
1137 1922 1241 1965 res
1275 1900 1480 1966 etiam
1511 1900 1611 1965 ita
1642 1899 2026 1987 accipienda
2058 1904 2180 1983 est,
2220 1904 2299 1965 ut
2328 1899 2593 1966 Valerio
2627 1921 2762 1965 non
2794 1920 3023 1965 omnes

573 2016 799 2102 primis
849 2016 1131 2081 comitiis
1149 2017 1193 2103 2)
1259 2019 1516 2081 creatos
1578 2037 1723 2080 esse
1784 2016 2090 2081 tribunos
2139 2014 2597 2098 concedamus,
2670 2013 3023 2080 dummodo

575 2131 1011 2196 Saturninum
1059 2132 1144 2197 ab
1195 2131 1422 2197 alteris
1471 2130 1924 2198 excludamus,
2010 2132 2322 2197 Fortasse
2371 2153 2438 2197 re
2485 2153 2647 2197 vera
2691 2131 3022 2213 Nunnius,

574 2268 723 2312 cum
770 2246 1100 2330 ultimum,
1137 2248 1251 2332 qui
1281 2248 1604 2330 restabat,
1639 2247 1858 2313 locum
1904 2251 2177 2334 peteret,
2228 2249 2483 2314 occisus
2523 2251 2650 2330 est3
2701 2246 2877 2332 quod
2908 2267 3023 2332 op-

575 2363 790 2449 posito
826 2362 1186 2428 Saturnino
1235 2364 1378 2449 ipso
1427 2367 1581 2450 apte
1629 2364 2100 2459 exornabatur.
2193 2363 2291 2428 De
2337 2363 2505 2428 Mari
2562 2361 2773 2449 culpa,
2825 2383 3025 2447 quam

558 2477 805 2544 ‘Livius
853 2482 922 2545 et
967 2478 1366 2545 Plutarchus
1414 2478 1839 2563 adumbrant,
1889 2479 2235 2567 Appianus
2269 2479 2571 2546 consulto
2605 2482 2803 2545 tacet.
2884 2478 3025 2558 Quo

572 2594 713 2659 iure
763 2599 1119 2661 accusatus
1169 2596 1276 2679 sit,
1326 2596 1520 2661 nobis
1569 2595 1935 2662 discernere
1981 2617 2118 2661 non
2163 2596 2345 2678 licet3
2393 2595 2684 2681 profecto
2719 2616 2874 2660 vero
2914 2593 3025 2658 illo

572 2715 866 2797 tempore
915 2733 957 2776 a
1003 2712 1433 2798 popularibus
1482 2712 1731 2777 stabat.
1804 2712 2092 2777 Facinus
2125 2733 2260 2777 non
2291 2710 2826 2797 praemeditatum
2859 2731 3025 2792 esse,

575 2825 693 2891 sed
724 2848 766 2891 a
796 2826 985 2913 plebe
1018 2827 1255 2892 infima
1284 2827 1649 2908 instigante
1683 2807 2066 2910 SaturninO,
2103 2827 2618 2912 quemNunnius
2645 2828 3030 2908 arroganter

575 2945 974 3025 tactaverat,
1023 2945 1476 3028 perpetratum
1525 2962 1671 3007 esse
1717 2940 2002 3007 videtur.

578 3227 921 3294 23163-75;
960 3228 1009 3279 X
1047 3228 1216 3293 53573
1253 3229 1421 3293 55013
1458 3228 1626 3293 5744;
1665 3227 1834 3293 67383
1871 3227 1950 3279 XI
1988 3227 2155 3293 1355,
2194 3227 2357 3291 4379)
2384 3242 2415 3278 a
2443 3225 2647 3279 Graecis
2673 3242 2794 3278 cum
2821 3224 3029 3278 familia

577 3317 854 3369 notissima
879 3316 1178 3369 Nouiorum
1216 3316 1380 3381 (Plut.
1408 3312 1616 3372 Νώνιος
1654 3318 1797 3382 App.
1819 3314 2026 3371 Νώνιος
2063 3312 2299 3381 (Νὸνιος)
2314 3318 2352 3382 ),
2391 3315 2460 3368 ab
2498 3317 2619 3367 aliis
2657 3331 2777 3367 cum
2815 3314 3030 3366 Ninniis

577 3403 654 3467 (L.
682 3403 916 3456 Ninnius
954 3404 1078 3456 trib.
1119 3406 1191 3471 pl.
1232 3419 1280 3459 a.
1319 3404 1389 3457 58
1427 3404 1532 3457 Cic.
1572 3411 1693 3471 post
1729 3403 1843 3457 red.
1885 3421 1996 3457 sen.
2023 3405 2057 3458 3
2095 3405 2161 3458 de
2201 3405 2359 3457 domo
2398 3405 2502 3458 125
2539 3420 2638 3471 pro
2676 3404 2811 3457 Sest.
2850 3403 2937 3457 26.
2963 3403 3031 3456 68

578 3492 683 3545 Dio
710 3492 856 3545 Cass.
885 3491 1193 3561 XXXVIII,
1220 3494 1311 3561 14)
1351 3492 1718 3546 confunditur.

795 3597 836 3665 ²)
874 3597 1086 3668 Bardey
1127 3602 1159 3651 l.
1182 3601 1214 3651 l.
1254 3616 1342 3667 pg.
1364 3601 1433 3653 26
1470 3599 1610 3653 falso
1650 3600 1837 3667 Equiti
1874 3600 2157 3652 tribunatu
2204 3598 2486 3667 adductae,
2532 3600 2582 3651 ei
2618 3600 2832 3666 culpam
2871 3598 3032 3651 caedis

578 3688 818 3741 tribuere
857 3689 988 3740 vult.
1065 3687 1262 3741 Florus
1301 3690 1514 3757 (11.4,1)
1560 3690 1789 3741 comitiis
1829 3688 2108 3756 Equitium
2159 3690 2441 3756 implicans
2479 3689 2589 3740 sive
2648 3686 2813 3740 fontis
2863 3688 3035 3753 ignoti

579 3777 886 3843 opinionem
923 3778 1174 3845 servavit,
1212 3779 1344 3845 sive,
1381 3777 1525 3845 quod
1571 3779 1739 3844 magis
1779 3779 1978 3845 placet,
2027 3776 2273 3831 ordinem
2310 3775 2579 3830 factorum
2617 3778 2672 3829 in
2712 3776 2873 3829 breve
2911 3792 3034 3829 con-

579 3872 876 3918 tractorum
912 3866 1168 3919 turbavit.

801 3990 840 4056 ¹)
878 3989 1134 4044 Narratio
1175 3992 1241 4045 de
1280 3992 1465 4045 Nunni
1504 3990 1636 4060 fuga
1673 3991 1820 4060 apud
1859 3991 2137 4045 Valerium
2174 4007 2295 4043 cum
2335 3989 2492 4058 falsa,
2538 3989 2685 4058 apud
2722 3991 3035 4058 Appianum

584 4094 706 4131 eum
732 4085 881 4131 recta
906 4079 1069 4133 caedis
1096 4083 1458 4159 explicatione
1485 4082 1839 4147 componitur.
1880 4081 1989 4133 Cur
2006 4079 2170 4132 fidem
2193 4081 2241 4134 ei
2262 4081 2596 4146 abrogemuS,
2624 4095 2731 4132 non
2759 4079 3032 4132 habemuz.

798 4186 841 4251 ²)
893 4187 1055 4240 Haud
1105 4204 1228 4241 raro
1287 4204 1393 4240 non
1452 4204 1637 4240 omnes
1692 4187 1898 4239 tribuni
1955 4190 2129 4256 primo
2181 4189 2518 4242 comitiorum
2574 4187 2660 4240 die
2712 4187 3037 4239 creabantur

584 4275 907 4341 (Mommsen
966 4276 1129 4331 st.-R.
1171 4276 1277 4344 11⁸,
1330 4277 1470 4344 279).
1547 4279 1622 4329 At
1677 4278 1933 4343 quoniam
1990 4277 2056 4330 de
2114 4280 2340 4331 comitiis
2397 4276 2770 4330 consularibus
2826 4291 2874 4328 a.
2914 4275 3038 4341 100,

583 4364 963 4416 accedentibus
989 4366 1108 4416 aliis
1135 4366 1484 4432 argumentis,
1511 4363 1654 4416 idem
1679 4364 1932 4430 traditur,
1960 4366 2235 4431 scriptoris
2263 4365 2551 4417 artificium
2577 4363 2809 4418 fortasse
2838 4362 3034 4415 subest.

586 4454 837 4506 Ceterum
875 4469 961 4505 res
1000 4461 1184 4506 nostro
1222 4455 1338 4507 loco
1376 4452 1523 4505 haud
1562 4454 1744 4519 magni
1782 4453 2039 4505 momenti
2078 4458 2172 4505 est.
