3485 5069
1556 327 1911 380 -45—

506 527 609 593 pg.
646 507 795 588 381,
835 506 893 592 7)
954 505 1151 591 plane
1215 504 1668 586 discernenda,
1732 525 1883 569 cum
1945 525 2026 569 ea
2084 501 2530 589 comparanda
2576 508 2698 586 est,
2758 524 2960 588 quam

509 621 905 687 Plutarchus
930 621 1150 686 verbis
1178 620 1334 697 τινὲς
1363 619 1458 686 δὲ.
1480 669 1493 683 .
1512 672 1525 686 .
1553 619 1735 707 φασίν
1763 619 2056 707 (381,14)
2082 619 2438 704 praemissis
2465 619 2549 684 ab
2577 619 2960 685 auctoribus

508 737 903 803 nominatim
943 735 1237 801 laudatis
1284 739 1589 819 segregat
1629 739 1833 820 atque
1872 736 1971 801 ita
2014 756 2097 800 ex
2129 739 2417 817 auctore,
2463 735 2566 799 cui
2598 735 2961 800 maximam

509 853 909 918 narrationis
978 855 1235 938 partem
1307 850 1505 916 debet
1580 851 2035 937 (retractatore
2095 850 2302 916 fontis
2362 851 2449 938 x),
2514 871 2585 916 se
2653 851 2961 916 hausisse

510 969 889 1034 confitetur.

720 1084 962 1150 Restat
1006 1084 1226 1167 igitur,
1277 1084 1444 1149 satis
1494 1087 1562 1148 et
1608 1082 1949 1148 Plutarchi
1996 1083 2360 1148 acerbitate
2410 1086 2477 1148 et
2513 1083 2798 1168 Appiani
2846 1104 2960 1148 ex-

512 1201 805 1283 cogitata
866 1199 1335 1265 benevolentia
1397 1200 1466 1263 in
1521 1199 1689 1263 Mari
1746 1219 2028 1285 persona
2083 1197 2437 1264 tractanda
2490 1189 2806 1285 pr'obatiS,
2864 1202 2959 1269 ut.

510 1319 916 1401 quantopere
976 1315 1083 1380 hic
1144 1315 1212 1379 in
1273 1314 1680 1380 factionibus
1746 1315 2039 1379 civitatis
2102 1313 2508 1399 explicandis
2570 1315 2960 1401 peccaverit,

511 1430 1056 1497 demonstremus.
1163 1433 1385 1515 Atque
1448 1429 1527 1495 de
1573 1429 1731 1495 -fide
1795 1430 1937 1495 eius
2003 1434 2161 1495 ante
2223 1451 2451 1495 omnes
2514 1430 2962 1497 Schwartzius

511 1546 839 1612 disserens
903 1545 1005 1632 (cf.
1042 1546 1497 1633 Pauly-WiSS.
1555 1546 1974 1631 „Appianus“
2029 1545 2105 1626 ΙΙ,
2157 1546 2534 1629 222-234;
2607 1545 2787 1611 Gott.
2838 1546 2959 1629 gel.

509 1665 669 1728 Anz.
711 1664 899 1744 1896,
949 1684 1053 1748 pg.
1091 1663 1221 1727 805
1244 1662 1320 1744 f.;
1380 1660 1656 1726 Hermes
1707 1662 1900 1743 1897,
1957 1682 2062 1746 pg.
2099 1662 2472 1750 592-607)
2536 1662 2963 1745 sagacissime

510 1777 1025 1843 innumerabiles
1085 1779 1227 1842 eius
1276 1798 1523 1842 errores
1582 1781 1758 1843 certo
1824 1775 2258 1863 componendi
2319 1777 2598 1843 ornandi
2658 1777 2964 1843 mutandi

512 1892 733 1958 studio
797 1892 1075 1958 effectos
1124 1897 1280 1958 ante
1346 1892 1570 1958 oculos
1631 1893 1875 1978 posuit.
1972 1891 2160 1972 Quod
2210 1897 2285 1958 ut
2330 1914 2790 1977 exsequamur,
2853 1893 2962 1959 vel

510 2008 814 2092 neglecta
862 2029 1012 2072 cum
1072 2009 1305 2073 ceteris
1361 2007 1663 2074 fontibus
1712 2009 2157 2090 contentione,
2229 2009 2514 2094 Appiani
2562 2009 2769 2074 verba
2817 2008 2962 2073 dili-

512 2128 741 2208 genter
787 2124 1107 2210 inspicere
1156 2123 1429 2190 sufficit.

722 2239 1141 2324 Quamquam
1187 2240 1326 2326 ipse
1375 2241 1443 2304 in
1489 2240 1822 2326 prooemio,
1873 2239 1940 2326 (I,
1996 2243 2052 2321 1,
2093 2242 2150 2327 1)
2212 2239 2389 2305 bella
2436 2240 2607 2305 inter
2654 2245 2964 2305 senatum

510 2355 954 2441 populumque
987 2356 1365 2421 Romanurn
1413 2361 1603 2438 gesta
1651 2376 1721 2420 se
1756 2356 1968 2441 operis
2002 2356 2352 2421 materiam
2386 2356 2513 2421 sibi
2545 2360 2965 2442 sumpturum

511 2472 878 2558 profitetur,
908 2471 1140 2538 statim
1172 2473 1241 2538 in
1275 2471 1814 2538 Gracchanarum
1848 2471 2249 2539 seditionum
2286 2473 2703 2539 enarratione
2736 2472 2965 2560 lapsus

513 2592 634 2653 est.
705 2588 1083 2654 Italicorum
1132 2589 1307 2653 enim
1356 2589 1684 2654 sociorum
1729 2588 1926 2653 malis
1962 2593 2352 2671 commotuS,
2403 2610 2569 2673 quos
2611 2590 2963 2655 crescenti-

514 2704 638 2769 bus
673 2703 956 2769 divitum
989 2705 1164 2787 agris
1198 2705 1421 2790 inopia
1449 2703 1647 2790 prolis
1680 2704 1890 2790 perire
1923 2703 2199 2769 videbat
2243 2703 2311 2790 (ξ
2344 2707 2449 2785 28,
2486 2706 2591 2787 30,
2626 2706 2731 2786 32,
2768 2706 2873 2793 35)
2899 2707 2962 2793 ¹),

513 2818 848 2885 Gracchus
896 2820 1109 2902 legem
1155 2820 1337 2885 illam
1384 2819 1572 2903 tulit3
1621 2841 1904 2904 quorum
1952 2841 2227 2885 causam
2275 2841 2424 2884 cum
2455 2820 2738 2906 populus
2783 2819 2844 2906 (ξ
2878 2823 2963 2885 32

511 2937 721 3021 δῆμος)
772 2936 883 3019 qui
931 2935 1079 3001 odio
1129 2937 1196 3000 in
1231 2939 1541 3001 senatum
1581 2935 1941 3018 flagrabat,
1992 2936 2374 3022 susciperet,
2410 2957 2544 3001 non
2577 2935 2863 3002 absurde
2895 2937 2962 3001 in

515 3051 842 3137 capitibus
903 3073 1051 3135 quaa
1113 3056 1503 3136 sequuntur,
1568 3073 1718 3116 cum
1778 3051 2098 3117 divitibus
2162 3051 2271 3137 (sc.
2321 3052 2584 3138 senatu)
2642 3074 2966 3139 pauperes

515 3165 623 3251 (sc.
658 3165 844 3252 plebs
892 3167 1135 3231 civium
1182 3168 1655 3250 Romanorum,
1707 3190 1856 3252 quae
1903 3168 1971 3232 in
2020 3168 2322 3250 comitiis,
2373 3189 2521 3252 quae
2569 3189 2965 3233 commemo-

514 3285 763 3364 rantur,
814 3281 1141 3365 suffragia
1185 3283 1469 3367 ferebat)
1517 3305 1854 3370 pugnasse
1913 3283 2221 3349 dicuntur
2283 3281 2567 3368 (πλούσιοι
2613 3285 2653 3370 ξ
2702 3286 2807 3365 29,
2857 3285 2963 3366 38,

511 3399 617 3480 46,
669 3400 774 3481 51,
827 3400 930 3479 58,
984 3401 1087 3478 60,
1140 3400 1243 3481 63,
1296 3401 1380 3464 65
1429 3396 1490 3487 [l.
1532 3403 1633 3482 19,
1684 3398 1790 3488 25]
1834 3430 1923 3457 =
1968 3400 2212 3465 δυνατοί
2259 3403 2345 3464 50
2375 3429 2462 3456 =
2495 3401 2675 3485 βουλή
2726 3402 2828 3482 67,
2881 3401 2963 3463 69

510 3513 891 3599 κτηματικοί
918 3515 1032 3596 48,
1080 3516 1334 3599 πένητες
1362 3545 1450 3572 z
1482 3517 1587 3597 29,
1639 3516 1744 3598 39,
1793 3517 1901 3598 40,
1949 3517 2057 3598 47,
2109 3517 2193 3581 63
2225 3545 2311 3573 =
2344 3513 2536 3601 δῆμος
2568 3518 2672 3598 50,
2718 3518 2822 3597 51,
2859 3516 2963 3598 53,

514 3629 618 3711 55,
670 3631 754 3694 59
800 3659 887 3687 =
934 3627 1178 3715 πλήῗος
1209 3631 1346 3717 56),
1395 3651 1680 3714 quocum
1728 3632 2062 3696 consentit
2121 3630 2298 3716 quod
2345 3632 2405 3696 ei
2452 3632 2564 3717 qui
2611 3653 2646 3696 e
2695 3631 2965 3696 coloniis

513 3748 582 3809 et
641 3745 1013 3830 municipiis
1060 3745 1319 3811 Latinis
1381 3750 1737 3812 accurrunt
1798 3745 1859 3832 (ξ
1907 3747 2016 3834 41)
2079 3747 2149 3811 in
2209 3751 2558 3832 utramque
2605 3746 2965 3812 factionem

515 3859 881 3926 discedunt.
954 3860 1081 3925 Cur
1126 3883 1281 3926 vero
1332 3861 1512 3948 ξ57,
1564 3865 1669 3946 58,
1720 3865 1804 3927 59
1854 3884 2079 3929 eorum
2127 3863 2241 3946 qui
2289 3884 2371 3927 ex
2410 3863 2585 3945 agris
2618 3867 2963 3946 venerant,

512 3979 654 4041 tam
703 3976 924 4059 gravis
958 3977 1207 4042 mentio
1240 3978 1367 4043 fit‘?
1437 3979 1672 4043 Nonne
1704 3978 1892 4064 plebs
1927 3979 2193 4043 senatui
2226 3977 2477 4043 infesta
2507 3979 2768 4043 urbana
2800 3983 2964 4060 erat,

514 4092 572 4156 ei
642 4112 820 4172 vem,
901 4093 1014 4176 qui
1092 4115 1175 4158 ex
1250 4094 1446 4159 Italia
1515 4093 1948 4176 advenerant,
2028 4095 2096 4159 in
2174 4098 2458 4178 utraque
2529 4098 2750 4160 castra
2819 4115 2965 4159 sese

732 4368 768 4424 ¹)
805 4369 833 4436 ξ
871 4370 969 4438 43;
1008 4370 1103 4438 53;
1152 4371 1219 4424 56
1268 4385 1369 4421 vox
1420 4367 1623 4420 Ἰταλία
1677 4376 1878 4436 praeter
1927 4386 2052 4422 vere
2096 4370 2369 4437 „Italicos“
2414 4370 2583 4423 dictos
2636 4372 2777 4422 cives
2830 4387 2968 4423 com-

516 4456 818 4521 prehendit.
