3485 5069
693 1142 806 1233 111.
875 1138 1890 1256 QUAEsuuucuLAE
1952 1139 2119 1232 Ao
2190 1138 2835 1235 HISTORIAM

1057 1344 1336 1438 ANNI
1414 1346 1586 1438 100
1653 1343 2461 1447 PERuNENTEs

1653 1632 1867 1642 ——-—*-

1168 1855 1230 1931 1.
1278 1852 1396 1932 De
1454 1858 1631 1932 anni
1698 1855 1832 1932 101
1901 1854 2373 1932 tumultibus,

751 2031 1042 2112 Quaestio
1106 2030 1184 2096 de
1245 2031 1465 2114 factiS,
1538 2052 1685 2117 quae
1754 2032 2123 2114 graviorem
2185 2032 2345 2097 anni
2411 2033 2538 2097 100
2598 2030 2990 2096 seditionem

538 2152 889 2232 tamquam
934 2147 1322 2234 prooemium
1371 2146 1881 2230 antecedebant,
1931 2147 2026 2212 eis
2074 2169 2222 2233 quae
2270 2146 2627 2233 disputavi,
2677 2145 2992 2212 absoluta

538 2284 686 2329 esse
731 2262 998 2328 videtur
1042 2284 1165 2328 nec
1211 2263 1340 2329 nisi
1386 2284 1604 2349 pauca
1650 2261 1730 2328 de
1762 2262 1930 2328 Mari
1980 2284 2130 2327 cum
2179 2262 2538 2329 Saturnino
2582 2261 2878 2328 amicitia
2924 2263 2992 2326 et

539 2378 618 2443 de
665 2377 933 2464 Equitio
995 2378 1304 2444 addenda
1364 2382 1543 2444 sunt.
1618 2378 2057 2465 Quamquam,
2116 2399 2199 2443 ne
2245 2378 2533 2443 fontium
2581 2376 2988 2460 auctoritati,

538 2495 652 2581 qui
710 2516 1000 2583 persaepe
1062 2516 1145 2561 ex
1205 2497 1454 2561 eventu
1514 2495 1584 2560 in
1644 2497 1946 2582 tempora
2004 2495 2222 2581 priora
2282 2495 2423 2560 sive
2471 2494 2800 2559 amicitias
2849 2492 2991 2559 sive

541 2610 694 2678 odia
739 2614 1207 2698 transponunt,
1257 2612 1534 2676 nimium
1582 2612 1980 2694 tribuamuS,
2032 2610 2404 2676 cavendum
2436 2614 2557 2692 est,
2607 2614 2838 2676 tamen
2883 2608 2993 2674 lex

541 2750 602 2793 a.
634 2728 761 2794 103
792 2726 937 2793 lata
969 2726 1072 2815 (cf.
1100 2749 1204 2814 pg.
1234 2726 1362 2815 63),
1398 2748 1532 2812 qua
1563 2726 1808 2792 milites
1839 2726 2123 2792 Mariani
2156 2747 2349 2809 agros
2383 2726 2816 2811 accipiebant,
2856 2724 2991 2789 iam

542 2846 687 2908 tum
741 2843 909 2909 Mari
970 2843 1313 2926 negotium
1373 2864 1416 2907 a
1471 2842 1833 2908 Saturnino
1897 2845 2124 2907 actum
2184 2863 2330 2907 esse
2388 2841 2740 2906 confirmat
2794 2838 2989 2927 (Plut.

541 2958 704 3025 Mar.
736 2960 838 3042 14,
886 2980 990 3044 pg.
1027 2959 1176 3041 343,
1212 2959 1340 3046 26).
1434 2958 1572 3023 Nec
1616 2978 1753 3023 non
1797 2961 1974 3023 recte
2021 2956 2189 3022 Mari
2233 2957 2301 3021 in
2333 2956 2673 3023 Metellum
2716 2955 2990 3043 odium¹)

540 3096 575 3140 e
622 3075 795 3141 bello
833 3074 1235 3157 <Iugurthino
1284 3072 1648 3156 deducitur,
1699 3073 1965 3139 etiamsi
2014 3094 2166 3138 eum
2214 3072 2619 3138 criminando
2652 3071 2993 3137 Metellum

542 3188 629 3254 ad
662 3189 1086 3255 consulatum
1119 3188 1500 3255 ascendisse
1533 3210 1761 3272 negas,
1824 3188 2077 3254 Deinde
2110 3188 2541 3254 altercatione
2575 3209 2724 3253 cum
2758 3185 2991 3253 Catulo

542 3308 689 3370 orta
736 3306 955 3370 acrius
1017 3325 1167 3369 cum
1223 3307 1366 3370 toto
1415 3307 1657 3370 senatu
1705 3304 2009 3371 conflixit
2056 3304 2252 3390 (Plut.
2294 3303 2456 3369 Mar.
2492 3305 2598 3369 26.
2633 3302 2741 3390 27)
2790 3306 2993 3387 atque

541 3419 765 3486 odium
813 3420 1207 3504 augebatur,
1257 3419 1434 3506 quod
1472 3420 1830 3507 optimates
1861 3420 2202 3485 Metellum
2236 3418 2667 3485 candidatum
2699 3418 2759 3484 ei
2792 3438 2993 3503 oppo-

545 3540 842 3620 suerunt,
876 3536 1164 3602 fortasse
1211 3557 1348 3602 non
1396 3535 1561 3602 adeo
1609 3536 1849 3623 ipsum,
1900 3536 2088 3601 cuius
2136 3534 2525 3601 consulatus
2558 3537 2777 3600 certus
2808 3532 2993 3599 vide-

541 3652 742 3718 batur
762 3651 826 3739 2),
874 3653 1282 3738 praeteritum
1308 3652 1405 3726 iri
1469 3655 1815 3738 sperantes
1864 3673 2085 3738 quam,
2134 3655 2212 3717 ut
2259 3650 2509 3734 collega
2563 3654 2876 3716 strenuus
2935 3649 2996 3714 ei

544 3767 830 3851 daretur,
881 3767 1229 3835 studentes
1278 3768 1474 3856 (Plut.
1509 3770 1616 3853 28,
1656 3790 1761 3855 pg.
1798 3768 1947 3852 360,
1987 3770 2115 3856 17).
2184 3768 2415 3854 Itaque
2446 3769 2683 3853 praeter
2713 3764 2996 3830 Marium

759 4036 800 4103 ¹)
841 4037 970 4090 Sall.
998 4036 1120 4103 Jug.
1149 4037 1236 4105 64,
1273 4037 1441 4105 1-43
1487 4038 1575 4102 86,
1613 4038 1646 4091 5
1684 4037 1827 4089 Plut.
1854 4036 1992 4090 Mar.
2021 4038 2070 4091 7.
2097 4036 2147 4092 8.
2176 4036 2259 4089 10.
2343 4035 2447 4087 Dio
2486 4033 2683 4093 XXVI,
2721 4033 2809 4098 89,
2858 4030 2998 4084 1-3

542 4130 681 4179 auct.
719 4124 785 4177 de
823 4126 920 4177 vir.
947 4126 1024 4178 ill.
1050 4125 1135 4179 67.

758 4211 801 4282 ²)
839 4213 981 4267 Vell.
1009 4215 1077 4281 11,
1118 4214 1204 4280 11,
1224 4215 1273 4267 1.
1331 4213 1381 4265 N
1385 4230 1412 4267 e
1439 4213 1721 4266 Plutarchi
1748 4212 1964 4281 quidem
1992 4212 2116 4266 fons
2140 4213 2318 4266 Mario
2345 4209 2726 4265 infestissimus
2752 4211 2853 4263 hoc
2882 4211 2999 4263 loco

545 4300 751 4355 Rutilio
787 4300 934 4355 Rufo
986 4304 1058 4368 (p.
1087 4303 1210 4370 358,
1237 4303 1328 4368 14)
1379 4301 1543 4355 fidem
1581 4302 1766 4370 habet,
1805 4303 2049 4369 quamvis
2099 4301 2163 4353 τὰ
2195 4300 2307 4371 μὲν
2346 4298 2474 4353 ἄλλα
2514 4300 2822 4370 φιλαληθής
2861 4296 3001 4369 ἀνήρ

548 4389 899 4458 praedicetur3
939 4408 967 4444 e
993 4391 1199 4445 Rutilio
1237 4390 1468 4446 fortasse
1494 4392 1677 4445 Livius
1715 4393 1898 4445 hausit
1924 4390 2015 4458 (cf.
2045 4408 2133 4459 pg.
2162 4392 2267 4456 29).
2330 4391 2543 4459 Floru8‚
2570 4391 2640 4457 II,
2665 4392 2716 4456 4,
2738 4390 2794 4442 1:
2835 4405 3000 4456 „con-

544 4480 734 4533 sulam
770 4496 870 4534 suo
904 4487 1169 4549 praeterea
1207 4482 1478 4547 confisus“
1519 4483 1857 4534 consulatum
1893 4480 2139 4534 futurum
2176 4479 2456 4547 significat.
