3485 5069
1552 337 1907 391 —77-

719 516 797 579 A.
851 515 978 579 100
1036 512 1143 578 lex
1204 513 1346 578 lata
1407 516 1510 578 est
1570 512 1658 578 de
1721 512 2033 578 colonia
2091 514 2170 578 in
2232 535 2500 597 agrum
2563 514 2960 581 Gallicum

507 629 992 711 deducenda,
1067 650 1261 714 quem
1317 629 1603 694 Romani
1672 629 1829 694 belli
1876 630 2015 694 iure
2085 629 2422 716 publicum
2492 631 2747 696 factum
2810 653 2959 698 esse

506 745 834 828 dicebant,
869 744 1044 831 quod
1078 745 1391 824 Cimbros,
1434 745 1503 809 in
1535 766 1814 830 quorum
1848 748 2252 831 potestatem
2285 767 2327 810 a
2360 745 2701 812 Gallorum
2735 751 2958 813 trans-

504 862 687 943 isset,
737 861 908 927 bello
964 860 1285 926 vicissent
1332 860 1517 947 (App.
1553 861 1599 942 Ι,
1652 858 1899 947 §130).
1996 860 2197 926 Cuius
2252 862 2584 944 regionem
2632 862 2958 948 Eporedia

504 977 762 1043 colonia
820 981 966 1042 tum
1027 975 1312 1042 deducta
1333 977 1380 1061 1)
1442 976 1886 1059 demonstrat3
1933 976 2221 1042 latitudo
2284 978 2447 1060 eius,
2512 999 2661 1042 cum
2724 982 2962 1064 praeter

503 1092 894 1180 Eporediam
928 1092 1199 1158 coloniae
1230 1114 1365 1158 non
1397 1093 1841 1174 nominentur,
1890 1093 2252 1176 ignoratur.
2315 1091 2628 1159 Fortasse
2660 1093 2959 1159 Dertona

505 1208 780 1289 colonia,
845 1206 1027 1272 haud
1088 1207 1313 1293 procul
1373 1207 1458 1272 ab
1520 1206 1844 1292 Eporedia
1909 1208 2060 1290 sita,
2131 1206 2211 1272 de
2274 1208 2461 1273 cuius
2528 1208 2774 1291 origine
2821 1208 2957 1274 iam

504 1322 681 1409 apud
712 1323 1025 1408 antiquos
1059 1323 1598 1407 ambigebatur2),
1634 1321 1867 1388 eadem
1898 1322 2041 1406 lege
2076 1322 2343 1389 condita
2370 1327 2495 1389 est.
2543 1323 2743 1389 Haud
2766 1324 2957 1410 parvi

504 1438 822 1504 momenti
872 1442 975 1504 est
1021 1438 1191 1502 Plini
1246 1439 1462 1503 locum
1528 1437 1627 1524 (N.
1669 1438 1752 1504 H.
1787 1438 1892 1522 ΙΙΙ,
1947 1440 2103 1503 123,
2151 1442 2443 1522 oppidum
2490 1440 2808 1522 Eporedia
2856 1441 2956 1506 Si-

504 1556 748 1639 byllinis
776 1556 949 1619 libris
978 1579 1020 1620 α
1039 1556 1275 1637 populo
1308 1555 1597 1620 Romano
1629 1557 1810 1620 condi
1840 1555 2102 1641 iussum)
2137 1576 2179 1620 a
2206 1554 2615 1620 Mommseno
2650 1554 2952 1620 adlatum

505 1669 668 1755 (0.1.
697 1670 767 1735 L.
804 1670 883 1752 V,
922 1672 1049 1735 750
1075 1692 1198 1757 sq.;
1247 1669 1328 1736 cf.
1363 1668 1601 1755 Obseq.
1636 1671 1744 1758 21)
1796 1668 2118 1735 conferre:
2165 1670 2381 1756 prisca
2418 1671 2621 1754 igitur
2667 1670 2953 1754 oracula,

504 1787 746 1870 quibus
795 1784 1099 1851 deductio
1148 1808 1191 1851 a
1223 1785 1323 1851 dis
1356 1786 1516 1872 ipsis
1556 1786 2028 1871 imperabatur,
2064 1784 2452 1872 deprompta
2484 1790 2662 1851 sunt.
2726 1786 2956 1871 Neque

504 1902 645 1966 iure
718 1902 1074 1987 optimates
1147 1901 1269 1967 soli
1331 1902 1399 1965 in
1467 1901 1712 1966 crimen
1760 1905 2105 1984 vocantur,
2174 1900 2349 1985 quod
2419 1900 2504 1966 ad
2566 1901 2841 1967 consilia
2887 1902 2957 1966 in

503 2038 571 2082 re
617 2016 883 2103 publica
929 2015 1369 2103 perpetranda
1413 2017 1611 2082 rebus
1661 2015 1923 2099 divinis,
1959 2015 2260 2099 oraculis,
2297 2017 2610 2100 auguriiS,
2644 2015 2955 2102 prodigiis

505 2132 695 2197 abusi
760 2134 914 2214 sint,
977 2131 1095 2198 sed
1157 2132 1360 2197 etiam
1420 2132 1791 2218 populareS,
1856 2132 2029 2197 sicut
2088 2153 2377 2219 persaepe
2442 2131 2685 2197 caedem
2757 2131 2952 2215 caede,

502 2248 601 2313 ita
647 2247 943 2334 prodigia
1004 2247 1105 2334 (cf.
1157 2269 1304 2332 quae
1353 2247 1432 2312 de
1482 2247 1739 2313 colonia
1787 2246 2185 2330 Carthagine
2230 2245 2525 2313 Junonia
2573 2247 2952 2335 traduntur)

503 2363 785 2428 oraculis
831 2364 1235 2428 remunerati
1282 2367 1460 2429 sunt.
1534 2363 1839 2429 Ceterum
1872 2383 2130 2427 summo
2180 2362 2420 2445 studio,
2471 2385 2554 2427 ne
2602 2363 2953 2449 populares

500 2479 713 2564 legem
746 2484 1245 2566 exequerentur,
1289 2479 1544 2546 nobiles
1579 2477 1998 2545 contendisse
2041 2501 2123 2544 ex
2167 2477 2397 2544 eodem
2429 2479 2571 2545 loco
2607 2478 2950 2564 colligitur.

716 2596 904 2675 Quod
950 2596 1035 2661 ad
1084 2595 1365 2661 alteram
1411 2595 1621 2679 legem
1682 2594 1770 2660 de
1819 2595 2153 2660 coloniis
2201 2595 2279 2659 in
2327 2596 2732 2678 Achaiam,
2792 2595 2953 2661 Ma-

504 2711 939 2794 cedoniam,
1013 2712 1370 2777 Siciliam
1442 2710 1923 2776 deducendis
2005 2711 2271 2792 attinet,
2343 2711 2678 2794 quaeritur,
2730 2713 2954 2775 utrum

504 2828 817 2893 colonia
862 2828 1220 2893 Mariana
1265 2828 1333 2892 in
1368 2826 1630 2893 Corsica
1676 2826 1919 2910 insula,
1970 2848 2146 2892 anno
2194 2826 2420 2908 ignoto
2470 2848 2511 2890 a
2542 2825 2748 2890 Mario
2799 2847 2952 2890 con-

500 2942 712 3031 ditass),
742 2942 1026 3025 condita,
1055 2943 1189 3009 alia
1211 2944 1353 3026 lege
1384 2942 1648 3008 decreta
1681 2943 1789 3025 sit,
1819 2964 1907 3007 an
1924 2940 2156 3007 eadem
2181 2941 2298 3024 ita,
2324 2944 2401 3006 ut
2416 2962 2529 3027 pro
2550 2940 2774 3005 Sicilia
2792 2940 2947 3005 Sar-

503 3058 703 3140 dinia,
754 3059 941 3123 cuius
988 3081 1141 3145 pars
1175 3059 1437 3124 Corsica
1478 3062 1641 3141 erat,
1691 3056 2124 3140 intelligenda
2170 3058 2277 3122 sit.
2328 3056 2571 3121 Obstat
2611 3059 2838 3121 autem
2886 3059 2955 3122 et

503 3175 720 3240 Cicero
756 3174 890 3259 (pro
916 3173 1125 3239 Balbo
1158 3175 1274 3256 48,
1308 3173 1594 3239 fortasse
1621 3173 1700 3238 de
1724 3173 1847 3255 leg.
1875 3173 1951 3255 ΙΙ,
1984 3174 2106 3261 14),
2135 3173 2248 3257 qui
2275 3194 2478 3237 unam
2505 3194 2539 3237 e
2562 3171 2838 3254 legibuS,
2865 3210 2953 3219 —

397 3328 406 3335 ·
501 3293 702 3374 atque
729 3289 902 3354 hanc
927 3289 1285 3370 significari
1312 3310 1513 3374 supra
1538 3289 1901 3354 statuimus
1933 3328 2014 3336 —-
2049 3289 2438 3370 abrogotam
2465 3310 2610 3353 esse
2638 3291 2948 3369 testatur,

501 3409 569 3469 et
612 3404 761 3468 Livi
795 3405 990 3469 Drusi
1021 3404 1129 3469 lex
1163 3404 1241 3469 de
1276 3403 1546 3469 coloniis
1579 3405 1649 3468 in
1682 3403 1972 3468 Siciliam
2008 3402 2408 3468 deducendis
2445 3402 2548 3489 (cf.
2581 3406 2744 3489 App.
2768 3404 2814 3485 I,
2844 3404 2948 3485 35,

501 3518 541 3606 ξ
579 3521 704 3585 156
750 3515 784 3586 ὃ
828 3520 892 3585 δὲ
937 3519 1041 3586 τὸν
1089 3518 1280 3605 δῆμον
1306 3569 1319 3584 ,
1347 3569 1401 3585 ..
1449 3513 1718 3604 ὑπήγετο
1766 3516 2075 3595 ἀποικίαις
2120 3518 2474 3596 ἐςἸταλίαν
2517 3516 2625 3583 καὶ
2656 3517 2946 3585 Σικελίαν

499 3637 943 3721 ἐψηφισμέναις
988 3636 1096 3721 μὲν
1142 3638 1214 3701 ἐκ
1262 3633 1498 3716 πολλοῦ,
1544 3634 1880 3720 γεγονυίαις
1909 3634 1974 3701 δὲ
2006 3631 2213 3723 οὔπω),
2264 3656 2412 3719 quae
2444 3637 2619 3699 recte
2653 3633 2946 3699 Siciliam

718 3900 757 3965 ¹)
795 3901 932 3952 Vell.
961 3902 1003 3967 Ι,
1030 3902 1116 3968 15,
1135 3903 1198 3969 5,
1240 3900 1307 3953 cf.
1338 3901 1392 3954 C.
1422 3902 1461 3952 I.
1490 3901 1548 3953 L.
1578 3901 1642 3969 V,
1684 3918 1766 3968 pg.
1796 3903 1923 3969 750,
1965 3902 2178 3968 Beloch,
2204 3901 2302 3952 der
2326 3900 2570 3952 italische
2599 3900 2755 3952 Bund
2787 3906 2952 3951 unter

498 3989 658 4042 Roms
697 3990 1042 4057 Hegemonie,
1082 4006 1165 4056 pg.
1196 3990 1289 4058 27,
1328 3989 1679 4043 Kornemann
1718 3990 2075 4059 Pauly-Wiss.
2106 3989 2196 4057 IV,
2234 3988 2356 4055 522,
2396 3988 2496 4042 No.
2526 3989 2611 4041 32.

714 4094 756 4162 ²)
797 4096 1130 4161 Quamquam
1168 4112 1339 4163 neque
1379 4112 1553 4149 annus
1593 4098 1694 4151 103
1734 4113 1907 4163 neque
1949 4098 2053 4151 100
2091 4099 2234 4149 inter
2272 4113 2360 4149 eos
2401 4104 2533 4162 erat,
2588 4096 2679 4162 qui
2716 4097 2947 4162 speciem

498 4185 894 4251 probabilitatis
921 4185 1123 4237 habere
1150 4185 1477 4237 videbantur
1502 4185 1637 4238 Vell.
1667 4186 1708 4252 I,
1750 4188 1836 4253 15,
1863 4188 1924 4255 4,
1965 4187 2021 4239 C.
2051 4187 2091 4238 I.
2120 4187 2179 4238 L.
2208 4185 2272 4247 V,
2312 4202 2397 4253 pg.
2421 4187 2555 4253 832,
2594 4185 2949 4238 Kornemann

498 4273 850 4342 Pauly-Wiss.
879 4273 971 4340 IV,
997 4275 1120 4340 522,
1159 4274 1207 4325 N
1211 4291 1257 4327 o.
1285 4275 1369 4328 30.

713 4370 754 4438 ³)
794 4369 861 4424 cf.
890 4372 1025 4423 Plin.
1055 4372 1119 4424 N.
1149 4373 1213 4424 H.
1243 4373 1341 4438 ΙΙΙ,
1369 4374 1438 4426 80
1464 4372 1584 4424 Sen.
1613 4373 1697 4425 ad.
1728 4373 1880 4424 Helv.
1910 4373 2055 4439 VIII,
2083 4374 2144 4440 2,
2171 4372 2317 4425 Mela
2357 4372 2407 4439 2,
2435 4372 2532 4440 19,
2560 4371 2725 4425 Solin.
2755 4372 2851 4437 III,
2878 4371 2942 4439 33

498 4461 553 4513 C.
582 4461 620 4512 I.
650 4461 708 4512 L.
749 4461 817 4528 X,
855 4477 937 4527 pg.
965 4461 1071 4515 838
1088 4477 1191 4530 sq.;
1231 4462 1583 4514 Kornemann
1624 4461 1979 4529 Pauly-Wiss.
2009 4461 2100 4528 IV,
2139 4461 2261 4527 522,
2301 4461 2399 4512 No.
2430 4461 2515 4513 33.
