3485 5069
1574 364 1931 417 -43-

525 544 699 639 Plut.
732 543 894 608 Mar.
928 543 1036 622 44,
1085 564 1188 629 pg.
1218 541 1794 634 378,23—379,22
1819 569 1904 597 =
1943 542 2108 625 App.
2143 540 2170 603 Ι
2208 541 2308 621 72,
2338 539 2691 603 333-335

807 712 834 741 ,,
931 659 1039 739 44,
1127 709 1153 740 ,,
1217 657 1750 739 379,29-38Ο,4
1820 686 1908 713 =
2006 707 2032 737 „
2141 655 2168 718 I
2205 656 2307 736 74,
2337 655 2690 718 343—344

805 828 832 859 „
929 775 1036 857 44,
1123 826 1150 857 „
1213 774 1633 855 379,27-29
1817 802 1904 829 =
2004 824 2030 855 „
2137 772 2303 854 173,
2332 771 2461 836 338

736 971 873 1035 Nec
921 991 1051 1036 non
1101 970 1419 1034 maiorem
1465 968 1620 1033 belli
1667 968 1951 1032 Mariani
1998 972 2256 1054 partem
2303 966 2389 1032 ad
2423 966 2707 1032 eundem
2738 966 2977 1032 referre

481 1088 696 1152 licet.
792 1086 978 1151 Certe
1041 1106 1375 1169 nusquam
1436 1083 1523 1149 ad
1579 1085 1857 1149 verbum
1920 1088 2225 1149 auctores
2288 1087 2734 1165 consentiunt,
2793 1087 2868 1148 at
2923 1082 2979 1148 si

525 1203 956 1268 Plutarchum
1004 1223 1085 1267 ea
1131 1201 1366 1283 eligere
1414 1204 1682 1265 tantum
1731 1222 1880 1285 quae
1926 1199 2012 1265 ad
2044 1199 2210 1264 Mari
2256 1220 2606 1284 personam
2651 1201 2976 1285 spectant,

526 1318 923 1400 consideras,
972 1316 1154 1382 haud
1203 1315 1496 1381 absurda
1543 1316 1925 1381 coniectura
1970 1292 2325 1381 videbitur.
2419 1316 2524 1380 Ita
2586 1313 2665 1380 de
2712 1314 2976 1380 Metello

526 1438 831 1500 auctores
877 1432 1403 1517 haudquaquam
1452 1430 1887 1496 dissentiunt:
1949 1430 2347 1496 Plutarchus
2408 1430 2705 1513 neglecto
2761 1452 2978 1496 rerum

526 1555 864 1634 gestarum
888 1570 1065 1614 nexu
1094 1547 1220 1633 (42,
1250 1549 1398 1628 376,
1423 1548 1525 1635 19)
1551 1548 1760 1633 patris
1789 1569 1994 1612 causa
2019 1547 2161 1611 eius
2185 1547 2590 1612 mentionem
2614 1545 2779 1611 facit
2802 1547 2977 1611 eius-

525 1688 651 1751 que
700 1665 1173 1752 profectionem
1224 1664 1396 1749 (376,
1433 1665 1540 1747 27)
1592 1663 2083 1729 commemorat.
2156 1663 2521 1748 Appianus,
2571 1683 2978 1748 quamquam

524 1783 552 1846 Ι
600 1784 704 1864 69,
755 1781 885 1846 315
933 1780 1012 1845 (16
1061 1802 1135 1845 60
1184 1780 1392 1845 verba
1436 1778 1705 1861 fecerat,
1757 1779 1899 1844 eius
1933 1777 2297 1844 discessum
2339 1778 2614 1860 omittit3
2664 1778 2977 1862 quoniam

525 1919 680 1963 vero
728 1898 797 1962 in
846 1895 886 1983 ξ
935 1897 1063 1961 318
1113 1901 1181 1962 et
1228 1897 1353 1960 321
1405 1895 1711 1961 Metellus
1744 1916 1878 1960 non
1912 1895 2210 1976 occurrit,
2246 1894 2412 1959 nihil
2458 1894 2751 1980 impedit,
2820 1894 2978 1980 quin

527 2011 730 2100 §316
791 2017 943 2099 post
1005 2008 1235 2077 αὐτίκα
1295 2012 1421 2077 iter
1483 2012 1625 2076 eius
1687 2009 2191 2093 intelligendum
2248 2011 2336 2075 sit
2382 2010 2582 2094 inque
2628 2010 2814 2076 fonte
2863 2031 2977 2075 ex-

529 2129 794 2195 stiterit.
911 2127 1129 2193 Unam
1206 2149 1321 2214 pro
1401 2126 1846 2213 compluribus
1923 2127 2209 2213 Appiani
2290 2126 2337 2209 (Ι
2408 2128 2512 2208 69,
2583 2127 2977 2214 316-320)

524 2244 970 2326 legationibus
1003 2244 1402 2309 Plutarchus
1452 2244 1575 2329 (pg.
1613 2244 1764 2326 377,
1810 2244 1911 2329 11)
1959 2243 2221 2325 retinet,
2273 2242 2432 2326 quia
2478 2243 2547 2306 in
2595 2263 2676 2307 ea
2707 2245 2976 2307 tantum

527 2359 606 2425 de
663 2360 868 2425 Mario
926 2361 1134 2424 verba
1188 2358 1497 2424 facienda
1556 2363 1768 2424 erant.
1864 2358 2099 2424 Octavi
2160 2363 2439 2424 mortem
2503 2359 2609 2441 (42
2671 2380 2773 2444 pg.
2826 2359 2975 2441 377,

525 2476 720 2562 3-8)
782 2477 1092 2563 praecepit
1154 2474 1256 2561 (cf.
1301 2477 1465 2561 App.
1516 2476 1562 2558 Ι,
1617 2476 1717 2557 71,
1771 2475 2085 2561 3261327)
2156 2478 2234 2541 ut
2296 2496 2445 2540 cum
2508 2474 2755 2540 Metelli
2816 2473 2979 2558 fuga

525 2597 1014 2679 compararetur
1060 2592 1375 2676 locusque
1442 2591 1794 2656 sententiis
1852 2613 1934 2656 ex
1981 2591 2400 2677 philosophia
2445 2592 2672 2678 petitis
2721 2595 2980 2677 pateret

526 2707 649 2795 (pg.
687 2709 836 2790 377,
878 2710 912 2772 7
963 2708 1104 2795 sq.).

735 2853 794 2915 A
842 2850 1197 2915 Plutarcho
1256 2848 1384 2934 (41,
1429 2871 1533 2935 pg.
1569 2851 1720 2932 375,
1778 2851 2057 2936 14-19)
2130 2849 2647 2933 auctoribusque
2716 2849 2976 2915 Latinis

526 2965 627 3052 (cf.
657 2965 871 3032 Schol.
901 2965 1187 3031 Gronov,
1223 2987 1326 3052 pg.
1353 2967 1485 3031 410
1518 2965 1652 3048 Or.;
1701 2966 1869 3032 Flor.
1893 2966 1969 3048 II,
2005 2967 2065 3047 9,
2106 2968 2182 3030 11
2222 2969 2397 3031 auct.
2426 2964 2505 3030 de
2531 2966 2650 3031 vir.
2677 2965 2765 3031 ill.
2795 2967 2976 3053 67,6)

523 3083 868 3168 Appianus
903 3080 1029 3166 (67,
1063 3083 1214 3165 306)
1260 3079 1572 3146 recedens
1611 3081 1896 3146 Marium
1929 3080 2225 3146 Etruscis
2257 3081 2754 3166 promittentem
2793 3080 2975 3163 facit,

526 3219 595 3263 se
627 3197 839 3280 legem
872 3218 914 3261 a
946 3197 1155 3261 Cinna
1187 3197 1358 3282 (287.
1394 3196 1545 3282 288)
1579 3196 2070 3282 promulgatam
2103 3196 2512 3282 perlaturum
2545 3218 2715 3261 esse:
2765 3218 2977 3282 neque

522 3314 722 3396 igitur
770 3334 997 3378 servos
1031 3311 1146 3376 sed
1178 3312 1313 3377 iam
1347 3313 1525 3377 cives
1559 3312 1807 3395 colligit
1838 3312 2082 3397 quique
2115 3316 2351 3399 postea
2383 3316 2980 3378 commemorantur

525 3429 717 3510 servi,
769 3449 811 3492 a
843 3427 1106 3493 Cinna
1152 3429 1375 3494 vocati
1414 3433 1606 3493 erant
1654 3433 1841 3515 (App.
1868 3429 1915 3510 I,
1955 3430 2055 3510 74,
2106 3428 2329 3515 ξ343,
2372 3429 2527 3510 344;
2574 3427 2756 3493 haud
2801 3432 2977 3494 recte

524 3543 780 3609 Keilius
813 3541 985 3632 [343]
1022 3544 1341 3630 coniecit).
1415 3543 1792 3610 Secundum
1828 3544 2257 3610 Plutarchum
2291 3566 2446 3609 vero
2483 3545 2654 3630 (375,
2695 3545 2975 3631 19-23)

521 3659 772 3725 Marius
820 3664 1175 3745 postquam
1220 3664 1443 3726 utrum
1478 3681 1627 3725 cum
1660 3660 1938 3726 Octavio
1973 3682 2061 3725 an
2095 3682 2242 3725 cum
2293 3661 2503 3725 Cinna
2533 3659 2784 3725 faceret
2816 3659 2977 3725 deli-

522 3775 786 3840 beravit
818 3775 1097 3839 Cinnam
1139 3776 1297 3859 quia
1327 3797 1478 3840 cum
1509 3776 1971 3861 improbiorem
2003 3797 2149 3841 esse
2181 3776 2462 3857 viderat,
2506 3775 2721 3858 elegit.
2802 3775 2975 3841 Plut.

521 3891 629 3972 41,
672 3891 822 3972 375,
850 3890 1179 3972 26-376,
1208 3892 1248 3954 2
1295 3891 1350 3954 si
1399 3912 1548 3955 cum
1596 3891 1899 3977 Appiano
1936 3890 2108 3976 (306)
2145 3913 2507 3978 comparaS,
2558 3890 2735 3975 quod
2781 3891 2889 3957 1116
2937 3913 2980 3956 a

522 4005 730 4070 Mario
766 4005 1070 4071 consulto
1104 4005 1422 4070 simulata
1455 4028 1599 4071 esse
1636 4005 1813 4089 dicit,
1848 4007 1956 4072 hic
1988 4028 2022 4072 e
2055 4007 2255 4090 longa
2287 4008 2429 4073 eius
2462 4008 2624 4090 fuga
2649 4007 2977 4092 exilioque

524 4120 791 4186 deducit
839 4119 1027 4208 (ἔτι1);
1077 4120 1394 4186 illudendi
1442 4143 1648 4187 causa
1696 4122 1875 4208 apud
1907 4123 2339 4188 Plutarchum
2388 4122 2558 4209 (377,
2587 4124 2694 4210 25)
2728 4123 2978 4189 Marius

525 4241 716 4303 extra
775 4237 1006 4301 urbem
1070 4241 1260 4302 stans
1328 4238 1644 4323 populum
1706 4242 2051 4321 convocat,
2116 4244 2555 4304 convocatum
2615 4260 2771 4304 vero
2820 4243 2978 4304 ante

523 4353 733 4435 legem
796 4351 1026 4418 datam
1074 4352 1370 4435 dimittit,
1434 4375 1584 4418 cum
1646 4353 1825 4440 apud
1871 4355 2252 4440 Appianum
2311 4355 2482 4443 (324)
2531 4355 2783 4420 tribuni
2839 4355 2977 4420 iure

522 4468 936 4550 rogationem
983 4467 1337 4554 perferant.
1417 4469 1755 4552 Mitigavit
1799 4475 2118 4556 praeterea
2168 4471 2506 4556 Appianus
2550 4469 2976 4536 crudelitates
