3485 5069
1520 340 1876 393 ...61-

472 515 779 581 Valerius
824 515 1122 598 Flaccus,
1170 516 1367 582 homo
1417 514 1671 599 debilis,
1722 519 1828 581 est
1874 515 2283 599 designatus,
2333 538 2528 602 quem
2574 516 2924 603 populares

473 629 831 697 adiuvasse
879 631 949 696 in
995 634 1223 717 aperto
1272 635 1395 697 est.

687 747 973 833 Appiani
1032 747 1346 830 narrati0,
1419 769 1566 833 quae
1635 751 1812 812 certo
1884 747 2156 814 consilio
2226 747 2618 813 acerrimum
2676 748 2925 815 Metelli

471 862 810 927 inimicum
869 862 1079 928 fuisse
1138 883 1252 949 pro
1300 862 1507 928 Mario
1557 862 1994 928 Saturninum
2050 862 2209 928 dicit
2256 861 2319 949 (ξ
2370 865 2515 929 126.
2571 866 2718 930 127.
2773 865 2921 931 138.

477 978 622 1042 139.
677 979 848 1063 141),
911 979 1229 1061 originem
1290 979 1462 1065 cepit
1508 1000 1543 1043 e
1590 982 1756 1044 nota
1803 1001 1845 1044 a
1898 978 2163 1045 Metello
2227 1000 2495 1044 censore
2558 979 2920 1047 Saturnino

473 1093 763 1179 ascripta
812 1093 959 1179 (Cic.
994 1115 1107 1180 pro
1156 1093 1327 1159 Sest.
1367 1096 1512 1176 101,
1564 1094 1644 1159 cf.
1681 1093 1761 1159 de
1795 1093 1987 1160 domo
2024 1096 2161 1180 87);
2210 1116 2413 1179 quam
2444 1095 2545 1161 ita
2574 1096 2921 1181 Appianus

473 1210 921 1291 exaggeravit,
944 1212 1023 1274 ut
1047 1213 1115 1275 et
1139 1208 1486 1275 Glauciam
1511 1209 1785 1275 adderet
1809 1213 1878 1275 et
1910 1211 2164 1275 maiora
2192 1210 2532 1276 Metellum
2556 1214 2923 1297 temptasse

474 1323 917 1390 contenderet.
1018 1324 1294 1408 Adiecit,
1344 1347 1458 1390 cur
1503 1329 1731 1391 tamen
1780 1325 1876 1391 eis
1923 1325 2343 1408 abstinuerit,
2394 1325 2921 1412 explicationem,

474 1460 621 1524 quae
650 1439 991 1505 fictionem
1024 1440 1219 1527 sapit,
1256 1441 1570 1527 quoniam
1602 1441 1851 1506 Metelli
1884 1440 2134 1524 collega
2159 1442 2592 1507 consobrinus
2615 1440 2923 1507 Metellus

473 1553 822 1640 Caprarius
884 1560 1026 1621 erat
1089 1556 1191 1642 (cf.
1226 1578 1330 1643 pg.
1367 1558 1471 1638 55,
1522 1556 1771 1640 Ziegler
1816 1556 1856 1623 l.
1885 1540 1931 1621 l.
1980 1579 2084 1642 pg.
2121 1558 2249 1644 28).
2343 1556 2558 1622 Locus
2605 1556 2788 1623 Orosi
2838 1557 2920 1639 V,

476 1673 577 1752 17,
629 1671 688 1751 3,
760 1672 1042 1757 primum
1102 1671 1446 1739 Saturnini
1506 1673 1945 1756 tribunatum,
1997 1694 2192 1757 quem
2253 1671 2557 1738 adhibita
2602 1672 2922 1738 Periocha

472 1787 856 1870 statuimus,
891 1787 960 1851 in
994 1786 1481 1853 dubitationem
1531 1787 1857 1863 adducere
1903 1788 2135 1874 possit,
2195 1787 2522 1873 siquidem
2569 1809 2652 1852 ex
2698 1792 2921 1853 mente

473 1902 883 1988 scriptoris
946 1904 1307 1985 significari
1367 1903 1633 1969 videtur
1679 1903 2116 1969 Saturninum
2177 1904 2539 1986 tribunum,
2603 1894 2736 1969 non
2792 1904 2923 1989 pri-

470 2020 727 2099 vatum,
776 2018 1117 2084 Metellum
1164 2041 1550 2102 aggressum
1598 2041 1764 2102 esse,
1813 2019 2011 2106 idque
2050 2020 2283 2084 statim
2316 2018 2604 2084 dimissis
2639 2019 2922 2085 comitiis

472 2134 803 2215 censoriis,
868 2135 925 2199 si
983 2135 1192 2200 verba
1250 2157 1541 2222 premere
1588 2135 1762 2200 licet.
1858 2135 2021 2200 Cum
2066 2156 2224 2200 vero
2272 2135 2414 2200 haec
2458 2157 2693 2222 parum
2742 2139 2922 2201 certa

473 2249 627 2331 sint,
676 2248 1017 2315 Valerium
1065 2250 1439 2334 audiamus,
1490 2250 1619 2336 (IX,
1669 2254 1725 2334 7,
1777 2252 1842 2334 2,
1895 2251 1997 2333 15,
2052 2254 2111 2337 1)
2168 2251 2281 2337 qui
2327 2271 2460 2316 non
2508 2254 2920 2336 repugnante

471 2362 698 2430 Orosio
745 2365 920 2431 idem
966 2365 1222 2431 factum
1285 2366 1464 2452 (nam
1512 2366 1590 2432 de
1640 2365 1904 2431 duabus
1959 2367 2029 2431 in
2074 2366 2414 2431 Metellum
2461 2365 2919 2449 seditionibuS,

471 2479 684 2546 altera
731 2480 1093 2564 Saturnini,
1153 2482 1366 2549 altera
1411 2481 1633 2570 Equiti
1693 2503 1887 2548 nemo
1951 2482 2289 2566 cogitabit,
2351 2482 2716 2568 praesertim
2772 2503 2922 2548 cum

470 2596 617 2662 Val.
652 2598 829 2663 Max.
863 2598 972 2680 IX,
1012 2600 1113 2682 15,
1153 2602 1184 2663 1
1238 2599 1675 2665 Saturninum
1731 2598 2000 2685 afferat)
2061 2599 2131 2663 in
2180 2598 2521 2663 Saturnini
2569 2598 2920 2663 tribunatu

469 2713 677 2799 primo
727 2714 1034 2780 collocat:
1084 2737 1233 2780 cum
1280 2737 1409 2801 quo
1460 2714 1826 2781 secundum
1871 2714 2127 2779 fontem
2173 2714 2476 2795 ignotum
2524 2735 2742 2778 annus
2795 2715 2916 2779 101

471 2829 837 2915 aequandus
907 2834 1028 2897 est.
1125 2831 1296 2911 Quin
1365 2831 1708 2917 Equitium
1777 2829 2180 2896 Saturninus
2253 2832 2519 2894 strenue
2591 2828 2952 2894 adiuverit.

472 2943 662 3030 (adde
711 2945 879 3012 Flor.
914 2946 989 3028 II,
1024 2947 1087 3030 4,
1134 2951 1189 3029 1,
1262 2946 1409 3013 Val.
1445 2947 1620 3012 Max.
1656 2946 1762 3029 HI,
1799 2948 1859 3029 8,
1897 2949 1936 3010 6
1985 2946 2103 3011 vir.
2137 2944 2227 3009 ill.
2268 2945 2369 3027 73,
2405 2944 2489 3032 3),
2532 2948 2609 3010 ut
2654 2944 2920 3009 nomine

470 3060 613 3125 eius
676 3060 763 3125 ad
820 3062 1154 3145 rogandas
1216 3062 1395 3145 leges
1458 3061 1998 3128 Gracchanarum
2060 3060 2335 3126 aemulas
2405 3062 2723 3136 uteretur,
2786 3080 2921 3125 non

469 3173 913 3241 dubitandum
946 3181 1067 3260 est,
1097 3177 1213 3243 sed
1239 3179 1443 3243 etiam
1469 3176 1892 3258 monendum,
1918 3179 2098 3262 post
2127 3175 2321 3241 Mari
2363 3175 2921 3240 coercitionem

469 3312 621 3356 eum
669 3313 712 3356 a
758 3291 1117 3358 Saturnino
1167 3292 1550 3358 derelictum
1599 3314 1765 3358 esse.
1849 3292 2079 3376 Neque
2128 3291 2304 3356 enim
2349 3290 2598 3356 Marius
2648 3294 2922 3356 contra

467 3406 889 3472 voluntatem
922 3406 1356 3491 Saturnini,
1390 3429 1674 3493 quocum
1690 3410 1834 3472 arte
1861 3407 2254 3472 coniunctus
2288 3409 2451 3488 erat,
2485 3406 2556 3470 in
2580 3405 2921 3490 Equitium

468 3505 1054 3588 animadvertisset
1077 3544 1292 3610 neque
1308 3524 1433 3607 hic,
1462 3524 1519 3589 si
1540 3526 1778 3610 praeter
1792 3543 2105 3605 magnam
2131 3525 2387 3608 partem
2403 3520 2628 3608 populi
2649 3520 2918 3607 (IX,7,1)

468 3638 672 3703 etiam
704 3637 1106 3704 Saturninus
1148 3640 1421 3724 eiusque
1453 3639 1657 3704 factio
1689 3638 1751 3703 ei
1781 3638 2133 3720 favissent,
2169 3658 2345 3703 anno
2384 3639 2504 3703 101
2542 3637 2917 3724 praeteritus

468 3757 647 3818 esset
693 3752 998 3840 (comitiis
1047 3755 1207 3820 anni
1252 3756 1380 3821 100
1426 3754 1691 3820 demum
1739 3756 2003 3820 creatus
2052 3757 2157 3819 est
2203 3753 2284 3819 cf.
2319 3756 2485 3840 App.
2520 3754 2566 3833 I,
2603 3754 2708 3836 32,
2748 3754 2916 3838 141).

681 3868 963 3934 Comitia
993 3870 1350 3936 tribunicia
1381 3870 1540 3936 anni
1577 3872 1698 3935 101
1742 3869 2174 3935 nihilominus
2207 3869 2675 3950 turbabantur,
2707 3870 2913 3936 inter-

465 3983 640 4050 fecto
672 3983 939 4051 Nunnio
958 3986 1019 4072 ¹),
1070 3986 1258 4051 cuius
1306 3985 1551 4052 caedem
1584 3985 1945 4051 Saturnino
1967 3986 2010 4072 ²)
2062 4004 2291 4049 omnes
2324 3986 2629 4049 auctores
2663 3985 2916 4049 crimini

683 4197 721 4264 ¹)
759 4198 965 4251 Nomen
1005 4196 1229 4252 dubium
1281 4199 1575 4253 secundum
1622 4199 1807 4254 adnot.
1835 4199 1950 4250 crit.
1979 4196 2051 4250 ad
2086 4199 2228 4263 App.
2251 4196 2293 4263 Ι,
2332 4196 2416 4262 28,
2456 4196 2574 4252 127.
2650 4196 2917 4250 Praevalet

463 4285 641 4340 forma
677 4288 928 4340 Nunnius
965 4287 1164 4353 (Oroat
1204 4289 1441 4358 Nunius;
1480 4290 1636 4344 Flor:
1676 4290 1934 4355 Ninnius;
1972 4287 2092 4340 Val.
2113 4285 2262 4338 Max.
2285 4286 2380 4354 IX,
2407 4288 2458 4353 7,
2482 4285 2517 4339 3
2555 4286 2835 4338 Nunnium
2865 4294 2919 4339 et

464 4376 751 4444 Ninnium3
790 4377 935 4444 Epit.
975 4376 1154 4430 Parid.
1192 4379 1469 4447 Nunnius;
1506 4380 1625 4433 Per.
1652 4381 1720 4434 69
1760 4378 2041 4443 Nunnius;
2080 4375 2176 4426 vir.
2205 4374 2281 4426 ill.
2320 4373 2822 4442 73,5',‚Nummio“
2864 4384 2918 4428 et

465 4465 817 4532 „Mummio“)
858 4465 944 4516 cui
988 4481 1163 4532 graece
1200 4464 1428 4524 Νόννιος·
1464 4467 1774 4536 respondet,
1850 4466 2060 4519 Nomen
2108 4463 2256 4516 haud
2293 4466 2537 4531 ignotum
2576 4463 2650 4532 (C.
2674 4466 2714 4517 1.
2737 4464 2797 4518 L.
2825 4466 2921 4517 VI,
