3485 5069
1553 369 1617 377 —
1694 338 1940 392 102—

523 513 803 578 buniciis
836 513 907 578 L.
943 513 1269 598 EquitiuS,
1320 515 1451 598 qui,
1502 536 1910 599 quamquam
1942 516 2010 580 in
2045 537 2316 581 censum
2347 538 2481 582 non
2513 520 2816 603 receptus
2850 521 2972 601 est,

520 632 750 694 tamen
796 630 1215 695 tribunatum
1261 631 1448 716 petit,
1500 653 1542 695 a
1573 631 1781 695 Mario
1831 632 1896 695 in
1948 631 2318 697 custodiam
2368 632 2750 716 abducitur3
2798 632 2974 698 unde

520 744 844 810 liberatur
891 744 1157 829 quidem
1205 748 1353 810 orta
1420 745 1644 833 populi
1715 746 2057 829 seditione,
2124 746 2239 812 sed
2296 770 2338 813 a
2406 747 2766 814 Saturnino
2815 749 2973 813 ami-

519 861 675 926 citia
736 881 885 925 cum
952 860 1159 926 Mario
1231 862 1580 927 coniuncto
1653 861 1954 928 desertus
2023 863 2394 948 praeteritur
2454 863 2579 949 (pg.
2632 864 2760 951 61).
2817 864 2962 950 Ipse

523 979 755 1042 contra
803 976 1208 1041 Saturninus
1255 978 1497 1042 iterum
1545 978 1855 1043 tribunus
1905 977 2291 1061 designatur
2322 1000 2456 1044 non
2496 980 2638 1044 sine
2686 980 2775 1062 vi,
2827 1000 2975 1044 cum

519 1092 863 1157 Nunnium
935 1094 1430 1178 competitorem
1487 1093 1838 1180 populares
1911 1093 2281 1160 maledictis
2352 1117 2736 1178 aggressum
2802 1093 2975 1159 mul-

521 1207 738 1272 titudo
786 1208 855 1272 in
920 1207 1187 1273 domum
1257 1210 1592 1294 privatam
1664 1210 2082 1296 compelleret
2145 1210 2598 1295 occideretque
2663 1210 2786 1297 (pg.
2847 1209 2973 1297 62).

521 1322 820 1388 Praetura
892 1322 1184 1389 Glauciae
1232 1324 1578 1389 Saturnini
1647 1324 1861 1390 sodali
1932 1325 2275 1409 contingit,
2349 1326 2739 1392 consulatus
2809 1326 2978 1391 alter

520 1439 770 1521 Mario,
850 1442 996 1504 tum
1074 1461 1336 1504 summa
1414 1440 1658 1505 civium
1736 1441 1954 1522 gratia
2021 1441 2294 1525 vigenti,
2374 1442 2583 1523 alter,
2667 1440 2976 1526 quamvis

522 1576 917 1640 magnopere
943 1554 1198 1619 nobiles
1224 1556 1612 1638 niterentur,
1631 1559 1709 1621 ut
1724 1531 2031 1621 Metellus
2058 1556 2309 1639 collega
2334 1557 2391 1622 ei
2419 1556 2690 1622 daretur
2707 1556 2830 1643 (pg.
2847 1557 2973 1644 60),

522 1670 593 1735 L.
622 1669 885 1736 Valerio
918 1670 1173 1753 Flacco,
1208 1673 1372 1736 nota
1403 1670 1859 1736 imbecillitate
1893 1672 2144 1737 homini
2179 1671 2302 1758 (pg.
2332 1674 2459 1761 20).
2521 1672 2667 1752 Qua
2698 1671 2978 1736 victoria

523 1786 740 1851 elatus
790 1785 1212 1869 SaturninuS,
1272 1791 1629 1873 postquam
1672 1787 2091 1853 tribunatum
2140 1788 2291 1852 iniit
2338 1788 2419 1874 (a.
2457 1787 2515 1853 d.
2551 1788 2660 1854 IV.
2695 1787 2787 1854 Id.
2822 1789 2975 1854 Dec.

524 1925 582 1967 a.
624 1903 792 1988 101),
828 1923 1041 1967 novas
1070 1902 1249 1985 leges
1281 1903 1686 1988 promulgat:
1729 1904 2011 1989 primam
2043 1903 2122 1968 de
2155 1903 2474 1990 Eporedia
2511 1903 2601 1989 (et
2633 1905 2976 1971 Dertona?

521 2039 624 2104 pg.
671 2020 773 2105 77)
816 2017 1075 2082 colonia
1120 2018 1190 2082 in
1237 2039 1470 2100 agrum
1519 2017 1846 2084 Gallicum
1896 2018 2299 2084 deducenda.
2373 2020 2703 2085 Acerrime
2751 2024 2977 2086 autem

523 2134 990 2198 resistentibus
1038 2133 1372 2199 nobilibus
1419 2135 1636 2219 prisca
1670 2135 1957 2215 oracula,
1995 2135 2237 2220 quibus
2271 2135 2529 2201 colonia
2568 2135 2758 2201 condi
2790 2137 2977 2201 iussa

524 2251 646 2331 est,
696 2271 739 2313 a
783 2249 1213 2334 popularibus
1263 2248 1737 2334 depromuntur
1787 2250 1910 2336 (pg.
1949 2251 2084 2338 77);
2146 2251 2306 2337 ipsis
2368 2251 2651 2317 comitiis
2705 2252 2977 2334 tribuni,

524 2363 637 2448 qui
683 2363 1119 2446 intercedunt,
1169 2365 1239 2429 vi
1286 2386 1320 2429 e
1368 2364 1582 2430 medio
1630 2365 1984 2452 pelluntur,
2035 2369 2241 2450 utque
2288 2366 2396 2431 lex
2434 2366 2703 2453 perferri
2747 2367 2977 2453 possit,

523 2479 783 2567 pluviae'
814 2479 1012 2547 factae
1062 2480 1462 2546 obnuntatio
1513 2485 1744 2547 contra
1789 2481 2170 2565 religionem
2219 2483 2567 2569 spernitur.

738 2596 897 2678 Legi
930 2595 1197 2663 additur
1240 2597 1516 2680 sanctio,
1568 2596 1692 2684 (pg.
1732 2598 1835 2687 75)
1869 2602 1946 2664 ut
1988 2595 2189 2684 (intra
2233 2600 2523 2683 quinque
2558 2598 2718 2686 dies)
2767 2599 2978 2681 magi-

526 2715 779 2777 stratus
798 2734 910 2798 pro
928 2714 1158 2777 rostris
1177 2716 1334 2778 ante
1353 2712 1559 2778 eedem
1577 2714 1945 2797 Castorum,
1974 2713 2173 2800 (intra
2190 2713 2415 2779 decem
2441 2713 2579 2779 dies
2598 2717 2631 2779 i>
2671 2737 2774 2801 pg.
2804 2717 2976 2802 822)

527 2831 873 2894 senatores
922 2827 1107 2913 apud
1148 2832 1511 2912 quaestores
1560 2828 1644 2894 ad
1695 2830 2000 2894 aerarium
2062 2851 2133 2895 se
2192 2829 2322 2911 legi
2369 2851 2515 2895 esse
2563 2831 2979 2916 obtempera-

525 2946 712 3008 turos
736 2942 1158 3008 iureiurando
1183 2945 1564 3031 promittere
1590 2944 1909 3027 debeant;
1944 2949 2147 3030 atque
2173 2948 2250 3010 ut
2275 2946 2352 3026 ei,
2383 2945 2496 3029 qui
2519 2945 2980 3011 iusiurandum

526 3059 1000 3141 recusaverint,
1059 3059 1116 3123 si
1164 3060 1599 3141 magistratus
1647 3061 1801 3142 sint,
1849 3060 1958 3125 HS
1984 3046 2061 3125 15
2096 3060 2482 3143 multentur,
2534 3062 2590 3126 si
2639 3063 2981 3126 senatores

528 3174 682 3256 sint,
765 3177 1007 3239 senatu
1085 3177 1503 3240 moveantur.
1610 3178 1832 3260 Atque
1895 3175 1961 3240 id
2031 3175 2474 3241 recusandum
2558 3198 2724 3259 esse,
2807 3175 2982 3262 quod

526 3311 641 3375 per
686 3290 824 3354 vim
873 3292 940 3354 et
988 3293 1219 3355 contra
1266 3291 1565 3376 auspicia
1610 3289 1719 3355 lex
1765 3295 2002 3374 rogata
2048 3292 2155 3374 sit,
2207 3291 2330 3377 (pg.
2365 3293 2469 3380 82)
2519 3292 2587 3356 in
2627 3295 2868 3357 senatu
2902 3290 2981 3356 de

529 3426 610 3469 ea
656 3426 723 3470 re
772 3405 1003 3469 habito
1051 3405 1358 3470 Metellus
1409 3410 1653 3489 censet,
1706 3429 1854 3471 cum
1905 3410 2156 3473 ceteros
2218 3411 2560 3472 senatores
2609 3407 2983 3493 exemplum

530 3542 727 3585 suum
775 3524 1120 3586 secuturos
1169 3542 1314 3586 esse
1363 3526 1676 3607 speraret.

744 3636 876 3701 Sed
924 3635 1156 3701 diebus
1206 3638 1588 3703 constitutis
1650 3641 1718 3704 et
1765 3639 2220 3721 magistratus,
2268 3638 2337 3703 in
2383 3638 2609 3723 primis
2657 3637 2981 3721 consuleS,

531 3755 600 3817 et
645 3755 989 3818 senatores
1038 3753 1281 3834 iurant,
1343 3752 1634 3835 legitime
1722 3753 2127 3835 clausulam,
2216 3775 2285 3847 se
2369 3754 2498 3836 legi
2567 3754 2983 3840 obtempera-

530 3870 717 3933 turos
766 3889 932 3949 esse,
983 3869 1038 3933 si
1086 3869 1269 3933 iusta
1313 3869 1420 3934 lex
1453 3870 1559 3951 sit,
1605 3868 2045 3951 adiungentes
2081 3868 2203 3955 (pg.
2242 3871 2368 3958 81).
2428 3868 2623 3934 Solus
2654 3868 2981 3951 Metellus,

530 4005 614 4049 ne
686 3985 1082 4050 constantiae
1150 3984 1425 4067 gloriam
1471 3984 1733 4072 perdat,
1804 3984 2267 4050 iusiurandum
2335 3989 2602 4050 recusat
2671 3984 2795 4070 (pg.
2854 3986 2982 4071 23).

532 4100 839 4165 Proximo
887 4100 1088 4183 igitur
1135 4104 1396 4183 senatu,
1461 4105 1539 4165 ut
1599 4100 1911 4166 delictum
1969 4100 2333 4166 secundum
2390 4100 2601 4183 legem
2646 4101 2982 4187 puniatur,

535 4217 938 4282 Saturninus
971 4216 1311 4281 Metellum
1360 4217 1751 4281 coercitione
1799 4238 1875 4281 eo
1917 4238 2182 4282 movere
2217 4220 2525 4300 conatur3
2574 4215 2689 4281 sed
2735 4216 2985 4282 tribuni

534 4332 971 4399 intercedunt.
1066 4333 1298 4417 Itaque
1348 4332 1844 4398 accusationem
1890 4332 2205 4414 instituit,
2257 4332 2381 4419 (pg.
2424 4334 2529 4419 82)
2580 4331 2766 4397 cuius
2815 4330 2984 4395 iudi-

536 4449 710 4515 cium
754 4448 1082 4532 Metellus,
1133 4471 1175 4514 a
1221 4452 1463 4514 senatu
1520 4448 1893 4535 populoque
1952 4447 2265 4532 languide
2322 4447 2656 4531 defensuS,
2716 4468 2985 4534 exspec-
