3485 5069
1572 351 1928 403 -84-

605 601 688 691 4.
756 599 996 714 Quid
1064 605 1279 691 inter
1345 605 1692 691 comitia
1759 601 2209 692 tribunicia
2276 608 2361 693 et
2418 599 2853 694 Saturnini

1280 765 1707 852 interitum
1780 762 2210 853 acciderit.

729 964 1012 1030 Comitia
1071 965 1428 1030 tribunicia
1494 986 1554 1030 a.
1612 966 1757 1047 100,
1826 965 1884 1030 si
1942 968 2118 1030 recte
2181 986 2215 1030 e
2273 966 2664 1052 scriptorum
2712 967 2975 1034 silentio

516 1080 869 1166 quicquam
917 1078 1347 1162 concluditur,
1399 1080 1541 1145 sine
1588 1080 1658 1145 vi
1707 1083 1777 1145 et
1825 1079 2151 1146 seditione
2197 1081 2625 1147 habebantur
2670 1081 2977 1166 designa-

514 1197 698 1281 tique
759 1199 920 1262 sunt
980 1195 1053 1261 L.
1106 1195 1509 1261 Saturninus
1559 1196 1673 1279 III,
1729 1195 1803 1261 L.
1854 1196 2193 1281 Equitius,
2251 1197 2322 1262 P.
2371 1197 2610 1262 Furius
2669 1198 2793 1285 (pg.
2836 1201 2974 1285 96),

515 1311 579 1378 S.
607 1312 823 1378 Titius
850 1310 974 1398 (pg.
995 1313 1123 1399 99),
1152 1312 1335 1395 Cato,
1370 1312 1724 1398 Pompeius
1760 1310 1884 1398 (pg.
1905 1313 2100 1397 97,2).
2175 1312 2467 1391 Quorum
2500 1333 2649 1377 cum
2681 1313 2974 1399 profecto

513 1427 677 1492 Cato
725 1427 1209 1513 Pompeiusque
1257 1426 1603 1492 Saturnini
1662 1425 2028 1492 adversarii
2082 1425 2352 1509 fuerint,
2418 1428 2753 1511 quaeritur,
2817 1429 2976 1514 quid

516 1541 595 1608 de
628 1542 916 1627 EquitiO,
961 1563 1157 1627 quem
1191 1563 1367 1608 anno
1408 1544 1528 1608 101
1567 1541 1971 1607 Saturninus
2008 1541 2450 1626 dereliquerat
2483 1542 2608 1629 (pg.
2641 1544 2767 1630 61),
2801 1544 2972 1609 iudi-

513 1657 799 1724 candum
832 1659 939 1724 sit.
996 1660 1239 1743 Atque,
1274 1678 1683 1743 quamquam
1717 1657 1987 1722 Orosius
2023 1657 2124 1744 (V,
2156 1660 2257 1742 17,
2286 1661 2325 1723 9
2353 1659 2473 1745 sq.)
2506 1659 2576 1723 in
2610 1662 2973 1726 occisorum

512 1775 1010 1840 enumeratione
1058 1773 1400 1858 Equitium
1449 1774 1700 1839 omittit
1718 1774 1760 1860 ¹)
1809 1774 2229 1859 Appianique
2278 1773 2611 1840 seditiosis
2658 1775 2971 1841 infensis-

512 1890 663 1955 simi
709 1890 1135 1955 enuntiatum
1182 1889 1229 1971 I,
1265 1889 1370 1971 33,
1407 1887 1447 1976 ξ
1484 1891 1641 1954 146:
1706 1883 1747 1974 ἦ
1794 1888 1918 1954 τῶν
1965 1886 2296 1975 δημάρχων
2339 1886 2499 1975 ἀρχὴ
2541 1889 2747 1957 τοιοίδε
2775 1885 2973 1976 ὕβριζε

513 2003 616 2091 (de
650 2004 1033 2092 Saturnino)
1066 2001 1175 2069 καὶ
1204 2003 1417 2070 τοιάδε
1447 2002 1677 2088 ἔπασχε
1724 2002 1827 2090 (de
1858 2003 2170 2090 Equitio),
2207 2004 2384 2089 quod
2416 2005 2759 2089 Equitium
2793 2028 2970 2072 com-

511 2121 866 2186 miseratur
912 2121 1186 2204 eiusque
1220 2120 1915 2185 commemorationem
1963 2141 2006 2185 a
2039 2123 2405 2185 ceterorum
2438 2121 2802 2186 occisorum
2835 2121 2969 2187 dis-

510 2236 718 2301 cernit
750 2229 958 2322 (πολὺς
986 2234 1052 2302 δὲ
1078 2233 1187 2300 καὶ
1217 2230 1401 2312 ἄλλος
1427 2234 1635 2320 ὅμιλος
1664 2259 1721 2301 κ.
1738 2258 1798 2300 τ.
1824 2235 1923 2321 λ.),
1975 2234 2446 2300 difficultatem
2484 2237 2753 2322 praebet,
2788 2237 2969 2303 Cice-

506 2351 686 2417 ronis
735 2352 869 2439 (pro
916 2351 1085 2417 Rab.
1120 2352 1227 2439 20)
1275 2350 1631 2436 Valerique
1681 2351 1811 2439 (ΙΙΙ,
1862 2353 1923 2434 2,
1963 2353 2066 2439 18)
2129 2352 2537 2435 testimonia,
2603 2353 2968 2418 secundum

508 2487 655 2552 quae
704 2488 853 2532 cum
899 2467 1329 2554 popularibus
1376 2467 1554 2551 fecit,
1605 2488 1910 2554 spernere
1959 2466 2257 2532 audaciae
2290 2470 2411 2533 est.
2479 2468 2703 2553 Atque
2763 2469 2967 2534 etiam

508 2582 882 2649 Saufleium
928 2587 1324 2669 quaestorem
1370 2585 1756 2671 plerumque
1803 2584 2021 2650 omitti
2067 2604 2324 2666 mone0,
2362 2605 2770 2670 quamquam
2822 2586 2966 2651 sine

507 2698 706 2765 dubio
755 2704 1101 2787 tamquam
1149 2700 1494 2766 Saturnini
1541 2702 1796 2765 amicus
1848 2700 2104 2765 occisus
2153 2704 2276 2765 est.

718 2816 1102 2882 Memmium
1119 2818 1160 2904 2)
1189 2838 1343 2883 vero
1363 2815 1795 2882 candidatum
1809 2815 2220 2898 consulatus,
2244 2816 2535 2897 graviter
2552 2815 2965 2881 comitiorum

505 2931 953 2997 consularium
979 2931 1082 2998 die
1108 2935 1492 3019 erumpente
1515 2931 1839 2997 seditione
1867 2930 2070 3017 (Oros.
2097 2930 2178 3012 V,
2217 2932 2320 3013 17,
2346 2931 2405 2995 5.
2474 2930 2644 2996 Flor.
2680 2931 2755 3014 II,
2804 2933 2868 3015 4,
2893 2933 2962 3014 4,

505 3049 680 3112 auct.
717 3046 796 3112 de
821 3048 941 3112 vir.
969 3047 1057 3113 ill.
1090 3049 1202 3130 73,
1235 3049 1426 3134 Amp.
1451 3047 1643 3130 26,3,
1678 3046 1805 3112 Cic.
1830 3046 1971 3111 Cat.
1999 3045 2109 3129 IV,
2143 3048 2217 3128 4,
2252 3045 2418 3111 Vell.
2446 3046 2523 3128 II,
2563 3048 2665 3126 12,
2696 3049 2761 3128 6,
2795 3049 2960 3132 App.

503 3161 676 3227 Plut.
706 3162 810 3245 30,
845 3184 949 3249 pg.
979 3164 1259 3246 362,21;
1292 3162 1568 3251 σφαγαί),
1604 3163 1746 3228 sive
1770 3162 1839 3226 in
1872 3162 2014 3247 ipso
2051 3183 2281 3247 campo
2310 3160 2500 3248 (Flor.
2521 3165 2697 3226 auct.
2727 3160 2806 3226 de
2839 3163 2960 3227 vir.

502 3276 591 3342 ill.
618 3278 808 3364 Amp.
843 3280 1055 3366 App.),
1084 3279 1225 3344 sive
1256 3278 1623 3361 fugientem
1657 3277 1885 3364 (Oros)
1912 3278 1983 3343 P.
2017 3277 2294 3342 Mettius
2326 3276 2599 3362 quidam
2632 3277 2964 3343 interfecit

721 3492 757 3560 ¹)
797 3493 903 3546 Cic.
944 3510 1041 3560 pro
1093 3493 1226 3546 Rab.
1269 3494 1337 3547 20
1386 3494 1676 3560 „tribunos
1720 3499 1923 3560 praete-r
1973 3491 2384 3545 Saturninum“
2423 3491 2490 3543 de
2542 3498 2785 3557 tempore
2824 3498 2957 3543 ante

501 3596 547 3633 a.
575 3581 624 3633 d.
653 3582 726 3633 IV
760 3582 836 3633 Id.
866 3583 992 3635 Dec.
1034 3584 1163 3649 agit,
1201 3598 1306 3649 quo
1357 3582 1591 3634 nondum
1640 3582 1891 3647 Equitius
1937 3581 2219 3633 tribunatu
2257 3579 2602 3646 fungebatur.
2678 3580 2739 3630 In
2783 3580 2953 3645 elogio

500 3671 641 3723 Mari
680 3672 736 3724 C.
764 3672 804 3726 I.
832 3672 891 3723 L.
920 3672 945 3722 I
963 3670 1000 3739 ²,
1037 3688 1124 3738 pg.
1147 3672 1267 3738 195,
1305 3677 1488 3723 utrum
1525 3686 1662 3722 unus
1700 3686 1769 3722 an
1807 3670 1913 3722 duo
1940 3670 2146 3722 tribuni
2172 3668 2544 3735 significentur
2571 3663 2797 3735 propter
2823 3683 2961 3720 com-

499 3760 754 3826 pendium
801 3761 958 3827 ,trib.‘
999 3760 1301 3812 adhibitum
1352 3761 1643 3826 ignoratur.
1686 3760 1847 3811 Auct.
1888 3759 1955 3811 de
1995 3760 2091 3811 vir.
2135 3760 2208 3811 ill.
2251 3759 2339 3825 67,
2358 3759 2409 3825 3,
2460 3758 2553 3824 qui
2605 3756 2837 3810 fortasse
2888 3757 2958 3809 ad

500 3850 732 3915 elogium
768 3849 927 3916 redit,
966 3849 1316 3901 Saturninum
1354 3850 1526 3901 solum
1565 3848 1802 3900 exhibet.

712 3945 751 4010 ²)
788 3947 964 4013 Vulgo
984 3948 1217 4017 (Bardey
1231 3965 1282 4014 p.
1304 3949 1391 4014 54,
1417 3947 1591 4014 MarX,
1619 3947 1831 3998 Bonner
1856 3946 2097 4012 Studien,
2124 3963 2209 4012 pg.
2240 3945 2360 4012 116,
2399 3946 2614 4012 Ziegler
2653 3946 2685 3996 l.
2716 3945 2748 3997 l.
2778 3960 2864 4011 pg.
2892 3944 2956 4011 9)

498 4036 811 4089 Memmium
837 4044 1077 4088 nostrum
1092 4038 1371 4089 tribunum
1386 4052 1434 4088 a.
1453 4037 1554 4089 111
1584 4051 1696 4088 esse
1728 4035 1916 4087 dicunt
1968 4034 2119 4101 (Sall.
2146 4035 2260 4100 Iug.
2289 4035 2376 4101 27,
2398 4034 2459 4102 2,
2487 4034 2802 4101 30,1—34;
2843 4033 2955 4085 Cic.

498 4127 647 4178 Brut.
676 4126 798 4192 136,
824 4126 891 4177 de
918 4133 1052 4178 orat.
1080 4126 1148 4192 II,
1178 4125 1298 4192 240,
1326 4125 1448 4192 267,
1486 4125 1611 4190 283)
1630 4122 1846 4176 favente
1875 4124 2104 4189 nomine,
2132 4123 2227 4175 sed
2252 4122 2693 4175 dissentientibus
2719 4122 2956 4174 moribus

498 4223 553 4268 et
578 4216 768 4267 animo,
809 4214 1082 4267 Habemus
1104 4231 1183 4267 eX.
1211 4231 1289 4282 gr.
1318 4221 1607 4282 praetorem
1630 4213 1868 4265 eiusdem
1890 4213 2113 4264 nominis
2131 4220 2184 4265 et
2204 4213 2460 4278 temporis
2488 4210 2634 4278 apud
2669 4211 2780 4263 Val.
2810 4211 2955 4262 MaX.

498 4305 646 4372 VIII,
671 4304 722 4370 5,
745 4305 801 4358 2:
831 4304 936 4357 Cic.
965 4320 1061 4370 pro
1081 4303 1240 4357 Font.
1258 4304 1341 4356 24.
1384 4303 1637 4355 Ceterum
1674 4317 1866 4354 nomen
1905 4302 2326 4369 haudquaquam
2365 4307 2605 4353 constat:
2644 4300 2956 4352 Memmius:

496 4397 637 4462 App.
689 4395 808 4447 Per.
854 4395 941 4462 69,
973 4394 1119 4447 Oros,
1159 4393 1274 4463 (sed
1314 4393 1425 4445 cod.
1453 4393 1685 4459 optimus
1722 4391 1784 4443 L.
1829 4390 2165 4459 Mummius);
2211 4389 2529 4442 Mummius:
2577 4397 2703 4441 auct
2752 4388 2819 4440 de
2858 4389 2954 4440 vir.

494 4484 570 4536 ill.
599 4485 692 4552 73,
731 4482 878 4537 Flor.
905 4484 974 4550 II,
1012 4485 1045 4537 4
1084 4482 1200 4535 cod.
1228 4482 1367 4551 Β.0,
1406 4481 1728 4534 Meummius
1768 4479 1834 4533 N.
