3485 5069
517 541 737 602 torum
768 537 839 601 in
871 536 1041 602 bello
1076 536 1430 602 commissa
1460 536 1569 601 lex
1600 535 1927 623 Appuleia
1973 537 2351 623 pertinebat
2397 541 2466 603 et
2511 536 2713 603 Gnaeo
2746 535 2969 602 Mallio

518 653 798 717 exitium
855 653 1104 735 attulit,
1169 652 1270 738 (de
1320 653 1508 718 cuius
1556 674 1764 718 causa
1812 652 1891 718 cf.
1928 653 2122 758 infra)
2172 654 2405 719 merito
2454 652 2757 718 concidit.

736 785 1106 871 Caepionem
1154 787 1330 851 enim
1376 787 1693 851 maiorem
1741 785 1974 851 eadem
2021 786 2163 869 lege
2211 786 2537 872 Appuleia
2584 787 2973 851 accusatum

521 922 669 966 esse
712 923 747 966 e
781 901 1181 966 Ciceronis
1231 902 1496 966 verbis
1545 900 1654 988 (de
1702 906 1869 969 orat.
1904 902 1981 984 II,
2021 904 2167 967 107.
2206 904 2353 967 167.
2394 903 2540 967 188.
2579 901 2971 987 197-204),

522 1020 601 1082 ut
646 1017 815 1081 bene
862 1016 1107 1099 Lengle
1164 1020 1394 1082 contra
1437 1017 1924 1082 Mommsenum
1979 1016 2339 1100 contendit,
2388 1038 2542 1083 non
2589 1016 2972 1082 efficitur:

520 1134 582 1198 A
617 1131 682 1198 C.
715 1131 1028 1197 Norbano
1077 1131 1256 1218 apud
1299 1131 1636 1218 populum,
1686 1132 1865 1217 quod
1895 1133 2038 1198 eius
2073 1132 2267 1218 culpa
2297 1132 2518 1198 clades
2551 1132 2729 1220 apud
2762 1135 2976 1197 Arau-

525 1248 778 1313 sionem
825 1251 1098 1333 accepta
1140 1255 1337 1329 esset,
1386 1269 1538 1313 reus
1584 1247 1808 1313 factus
1856 1252 1926 1313 et
1956 1249 2195 1314 acriter
2223 1248 2706 1314 obsistentibus
2737 1247 2976 1314 nobili-

524 1364 672 1446 buS,
722 1367 946 1449 spreta
982 1364 1400 1429 tribunorum
1441 1363 1513 1429 L.
1553 1364 1780 1429 Aureli
1824 1364 2033 1430 Cottee
2087 1368 2155 1429 et
2200 1365 2271 1430 Τ.
2311 1363 2461 1429 Didi
2506 1364 2977 1429 intercessione

527 1478 886 1544 damnatus
935 1482 1057 1544 est.
1129 1479 1320 1544 Locis
1368 1478 1662 1545 laudatis
1711 1478 2000 1544 addatur
2047 1478 2153 1546 ad.
2187 1479 2425 1545 Heren.
2454 1481 2501 1563 Ι,
2535 1478 2658 1562 24,’
2676 1483 2978 1566 purqatio

525 1603 631 1675 est,
694 1617 829 1661 cum
889 1596 1161 1660 consulto
1222 1602 1406 1680 neqat
1459 1616 1521 1662 se
1566 1616 1710 1661 reus
1741 1593 1998 1679 secisse,·
2043 1619 2117 1662 ea
2162 1599 2464 1662 dividitur
2518 1601 2584 1662 in
2616 1594 2978 1678 fortunam,

526 1713 1025 1792 imprudentiam,
1072 1715 1512 1777 necessitatem.-
1556 1708 1976 1793 ,fortunam“
2022 1717 2092 1777 ut
2123 1712 2328 1794 Coepio
2361 1715 2446 1778 ad
2488 1713 2765 1777 tribunos
2783 1711 2982 1794 plebis

525 1828 600 1891 de
660 1831 962 1892 exercitas
1025 1831 1352 1892 amissione
1413 1826 1516 1912 (cf.
1553 1826 1679 1891 Cic.
1714 1826 1901 1891 Brut.
1941 1827 2070 1891 135
2116 1827 2340 1910 Coepio,
2389 1832 2489 1893 cui
2520 1825 2800 1907 fortuna
2847 1826 2983 1892 belli

526 1945 790 2019 crimini,
818 1942 1053 2007 invidia
1070 1943 1295 2025 populi
1324 1943 1670 2007 calamitati
1686 1940 1847 2022 fuit.
1902 1942 2271 2008 Mommsen
2304 1942 2674 2008 Strafrecht
2696 1963 2800 2028 pg.
2832 1940 2981 2023 173,

531 2056 744 2122 St.-R.
779 2057 880 2140 11³,
916 2058 1046 2121 323
1077 2059 1218 2145 sq.).
1267 2057 1364 2122 De
1410 2080 1609 2144 poena
1656 2079 1807 2122 cum
1853 2059 1957 2123 his
2004 2058 2164 2124 locis
2211 2058 2377 2123 nihil
2423 2061 2702 2141 constet,
2752 2057 2984 2122 Livius

530 2172 673 2238 Per.
703 2175 784 2238 67
835 2176 904 2238 et
948 2174 1188 2238 Ascon.
1215 2173 1286 2237 in
1334 2172 1521 2239 Corn.
1555 2195 1660 2260 pg.
1690 2175 1774 2239 69
1791 2173 1866 2238 Κ.
1903 2173 2217 2239 audiendi
2264 2177 2443 2257 sunt,
2493 2175 2606 2258 qui
2655 2195 2804 2238 cum
2850 2173 2985 2237 im-

528 2289 829 2374 perium
864 2288 933 2353 ei
965 2289 1434 2371 abrogatum
1469 2310 1643 2354 esse
1663 2290 1979 2373 plebiscito
2007 2289 2193 2378 (Per.)
2226 2290 2337 2355 vel
2366 2291 2664 2374 apopulo
2699 2288 2984 2376 (Ascon.)

532 2402 824 2486 tradant,
875 2403 961 2469 ad
1008 2403 1289 2470 eandem
1336 2426 1610 2470 causam
1659 2409 1886 2491 aperte
1935 2409 2243 2491 spectant
2277 2404 2627 2491 (Ciceronis
2659 2404 2867 2470 verba
2908 2403 2987 2468 de

534 2523 699 2586 orat.
726 2519 801 2602 II,
841 2522 966 2586 167
1017 2525 1266 2607 „yravis
1310 2527 1367 2588 et
1411 2522 1777 2588 miserabilis
1808 2526 2038 2589 causa“
2078 2524 2493 2611 congruunt).
2559 2520 2747 2602 Quod
2777 2541 2989 2607 poenae

533 2657 762 2719 genus,
812 2641 956 2701 tum
1004 2637 1218 2702 solum
1281 2641 1533 2723 aptum,
1597 2638 1654 2703 si
1714 2638 2061 2723 imperium
2122 2637 2374 2703 diutius
2431 2638 2677 2703 habere
2737 2636 2987 2718 debuit,

534 2751 772 2837 lexque
835 2752 1067 2818 Cassia
1126 2753 1286 2817 anni
1337 2753 1485 2836 104,
1535 2775 1682 2839 quse
1731 2775 1845 2818 eos
1894 2756 2134 2819 senatu
2183 2753 2521 2836 movebat,
2573 2753 2817 2839 quibus
2864 2751 2990 2815 im-

531 2868 787 2953 perium
819 2868 1215 2950 abrogatum
1248 2873 1444 2951 esset,
1490 2868 1752 2954 (Ascon.
1787 2869 1828 2935 l.
1864 2870 1928 2957 l.)
1974 2891 2183 2934 unum
2216 2890 2470 2934 annum
2508 2868 2635 2934 105
2669 2866 2991 2953 Caepionis

536 2982 950 3048 damnationi
1011 2984 1415 3071 relinquunt.
1509 2986 1731 3069 Atque
1787 2986 2105 3069 quoniam
2154 2984 2233 3049 de
2279 2984 2597 3066 Norbani,
2622 2982 2664 3070 ¹)
2715 2982 2925 3047 Cottae
2946 2982 2990 3068 Β)

534 3097 817 3182 Didique
845 3099 889 3186 ³)
989 3099 1444 3165 tribunatibus
1535 3106 1772 3186 praeter
1846 3101 1972 3165 hoc
2048 3121 2256 3165 unum
2341 3099 2529 3164 nulla
2606 3096 2994 3164 testimonia

536 3213 883 3297 habemus,
934 3215 1287 3299 quominus
1337 3237 1588 3280 annum
1641 3217 1769 3282 105
1814 3217 2244 3299 retineamuS,
2295 3215 2462 3281 nihil
2509 3213 2801 3301 impedit.

756 3479 794 3546 ¹)
833 3480 1032 3532 Errore
1058 3480 1192 3532 miro
1219 3479 1439 3532 adducti
1466 3480 1763 3534 Mommsen
1793 3481 1958 3534 St.-R.
1981 3482 2083 3549 11³,
2105 3483 2227 3550 666,
2247 3484 2281 3535 4
2308 3490 2361 3535 ct
2381 3482 2549 3534 Klebs
2575 3481 2930 3550 Pauly-Wiss.
2952 3481 2995 3547 1,

538 3568 677 3621 2593
730 3575 951 3634 propter
1002 3568 1110 3620 Cic.
1137 3568 1287 3620 Brut.
1318 3569 1418 3622 162
1466 3569 1711 3622 Norbani
1763 3571 2102 3623 tribunatum
2153 3572 2208 3623 in
2248 3587 2295 3623 a.
2326 3573 2393 3624 95
2446 3577 2658 3637 ponunt
2710 3567 2801 3637 (cf.
2831 3585 2995 3637 supra

540 3672 623 3722 pg.
653 3656 823 3724 63,2);
863 3664 1149 3724 quaesturae
1188 3660 1346 3723 vulgo
1373 3674 1576 3710 annum
1601 3660 1670 3711 99
1698 3661 1897 3713 collato
1933 3660 2040 3713 Cic,
2069 3659 2135 3713 de
2162 3666 2296 3713 orat.
2325 3662 2393 3728 II,
2423 3661 2525 3713 202
2552 3666 2848 3712 reservant.
2889 3658 2995 3710 Sed

539 3746 708 3797 multo
747 3747 935 3798 melius
973 3746 1106 3798 illud
1132 3753 1406 3814 „quaestor
1433 3750 1595 3799 tuu.s·“
1623 3748 1988 3815 intelligimUS,
2027 3748 2070 3801 si
2096 3764 2216 3799 «eum
2242 3749 2501 3815 Antoni0,
2538 3749 2629 3813 qui
2666 3753 2872 3814 praetor
2896 3762 2994 3813 pro

539 3834 754 3886 consule
793 3851 840 3887 a.
882 3835 983 3887 102
1036 3836 1414 3903 (Pauly-Wiss.
1442 3837 1485 3903 1,
1523 3836 1745 3906 2590s1)
1801 3837 2043 3889 Ciliciam
2095 3837 2397 3904 obtinebat,
2450 3838 2505 3888 in
2556 3835 2833 3903 provincia
2871 3833 2994 3886 fuit.

540 3922 710 3990 Quod,
749 3924 792 3975 si
818 3923 920 3977 hoc
945 3925 1207 3991 concedis,
1235 3932 1381 3991 post
1419 3925 1836 3977 tribunatum
1864 3926 2210 3979 Norbanus
2237 3932 2564 3991 quaesturam
2592 3924 2772 3990 gessit,
2802 3938 2866 3975 ea
2892 3938 2997 3987 reS,

540 4027 862 4078 quamquam
889 4019 1037 4065 certa
1065 4015 1311 4080 exempla
1336 4013 1532 4066 desunt
1561 4015 1901 4081 (Mommsen,
1929 4014 2096 4066 St.-R.
2125 4012 2201 4081 1⁸,
2238 4015 2362 4080 551,
2388 4013 2511 4066 adn.
2532 4015 2590 4081 43
2625 4012 2747 4080 542,
2774 4011 2896 4064 adn.
2921 4013 2995 4078 3),

541 4100 748 4167 legibus
786 4117 893 4153 non
933 4101 1222 4154 vetabatur
1259 4103 1598 4170 (Mommsen,
1637 4103 1802 4156 St.-R.
1830 4105 1904 4170 1³,
1943 4105 2065 4170 551,
2104 4103 2225 4155 adn.
2254 4104 2317 4172 33
2357 4104 2481 4170 553,
2520 4103 2639 4155 adn.
2669 4102 2737 4165 3).

755 4204 794 4272 2)
830 4207 1183 4275 Pauly-Wiss.
1211 4209 1281 4275 11,
1309 4209 1447 4261 2485
1487 4206 1624 4261 falso
1662 4224 1833 4261 annus
1871 4210 1939 4262 95
1978 4208 2231 4277 affertur3
2280 4210 2567 4275 praetorius
2612 4209 2812 4261 dicitur
2855 4207 2999 4275 apud

543 4294 649 4347 Cic.
677 4294 830 4350 Brut.
857 4296 978 4363 137,
1016 4294 1085 4373 01.
1114 4304 1381 4363 praeterea
1418 4298 1571 4349 Brut.
1600 4298 1720 4364 259,
1773 4298 1988 4364 Ziegler
2025 4300 2059 4349 l.
2089 4300 2121 4350 l.
2151 4315 2237 4365 pg.
2268 4299 2352 4351 13.

755 4400 794 4467 ³)
832 4401 900 4454 cf.
953 4403 1183 4456 Miinzer
1229 4404 1582 4472 Pauly—Wiss.
1629 4404 1695 4471 V,
1742 4406 1846 4459 407
1899 4405 2026 4457 trib.
2070 4407 2144 4472 pl.
2191 4421 2238 4458 a.
2286 4406 2389 4459 103
2437 4413 2621 4459 nostro
2661 4407 2775 4459 1000
2814 4406 2998 4457 allato.

543 4489 757 4557 Ziegler
794 4491 826 4545 l.
848 4491 881 4543 l.
