3485 5069
1577 353 1930 406 -19-

528 551 677 595 cum
743 531 811 595 in
874 529 914 617 ξ
962 532 1050 596 20
1109 531 1226 595 ubi
1279 529 1688 595 memorandi
1736 530 1879 595 eius
1928 531 2184 596 occasio
2233 533 2396 611 erat,
2455 530 2732 596 sileatur
2779 533 2981 615 atque

529 646 733 710 etiam
779 646 850 710 in
897 646 1209 711 Sestiana
1272 645 1334 732 (ξ
1386 648 1535 734 101)
1604 646 2007 731 „fflacffiuffl
2074 645 2460 732 appelletur.
2554 646 2984 712 Desideratur

530 760 705 847 apud
768 761 1144 827 Ciceronem
1204 762 1409 827 etiam
1470 761 1634 826 illud
1706 763 1839 843 „M
1883 763 2185 828 Aemilius
2246 762 2522 828 Scaurus
2581 762 2647 828 G.
2700 763 2983 828 Marium

530 878 914 943 consulatum
971 885 1214 943 seoetum
1269 884 1577 962 yerentem
1637 879 1928 944 hortatus
1986 884 2073 943 est
2132 901 2179 943 e.
2214 900 2271 959 q.
2304 899 2350 942 s.
2394 926 2407 940 .
2438 929 2449 941 .
2481 928 2535 943 ..
2572 882 2984 961 protinusque

529 1014 714 1059 arma
758 994 874 1058 sibi
917 992 1141 1075 afferri
1187 993 1425 1069 iussit“,
1485 992 1662 1077 quod
1708 1014 1744 1058 e
1793 993 1932 1058 solo
1983 993 2309 1073 Cicerone,
2373 992 2482 1058 vel
2530 993 2828 1079 exemplo
2877 993 2981 1076 III,

534 1109 595 1190 2,
643 1110 722 1172 17
796 1107 1116 1190 adhibito,
1188 1130 1324 1173 non
1391 1108 1594 1174 finxit
1653 1108 1962 1173 Valerius
2035 1108 2389 1190 Maximus,
2455 1130 2605 1173 cum
2664 1112 2986 1194 praeterea

533 1223 736 1288 etiam
770 1223 965 1309 apud.
995 1227 1171 1289 auct.
1201 1222 1279 1289 de
1312 1225 1432 1289 vir.
1460 1224 1548 1290 ill.
1582 1226 1683 1306 72,
1712 1226 1752 1289 9
1780 1228 2164 1290 occurreret.
2212 1224 2522 1290 Narratio
2555 1244 2841 1308 quacum
2873 1222 2983 1288 illo

533 1338 672 1404 loco
729 1340 1158 1421 connectitur,
1222 1361 1264 1405 a
1319 1340 1478 1405 viris
1541 1339 1751 1405 doctis
1815 1339 1917 1426 (cf.
1961 1339 2167 1405 Klebs
2228 1338 2682 1425 Pauly-Wiss.
2725 1339 2773 1422 Ι,
2833 1339 2986 1426 585)

535 1453 760 1540 spuria
804 1454 1110 1537 habetur,
1174 1455 1490 1540 quoniam
1550 1455 1619 1520 in
1676 1455 1943 1541 optimis
1989 1455 2290 1521 fontibus
2338 1454 2417 1520 de
2468 1454 2697 1520 Scauri
2745 1454 2986 1520 adhor-

534 1570 789 1636 tatione
837 1573 1143 1636 taceatur
1186 1592 1308 1636 nec
1355 1571 1621 1636 omnino
1671 1569 2001 1657 Opimium
2052 1570 2390 1636 consulem
2422 1571 2683 1635 incitari
2717 1590 2987 1635 necesse

533 1685 763 1766 fuerit,
824 1686 986 1750 mihi
1045 1708 1202 1751 vero
1264 1686 1482 1752 locum
1530 1687 1858 1752 Ciceronis
1912 1707 2026 1772 pro
2076 1686 2292 1752 Sestio
2347 1688 2467 1752 101
2525 1688 2654 1772 ,,Μ.
2689 1686 2990 1751 Aemilius

536 1802 811 1867 Scaurus
856 1807 962 1883 qui
1014 1827 1054 1868 a
1103 1802 1167 1868 C.
1206 1805 1488 1870 Graccho
1545 1825 1731 1885 usque
1788 1806 1873 1869 ad
1933 1805 2003 1885 Q.
2033 1805 2293 1869 Varium
2352 1806 2652 1868 seditiosis
2712 1802 2990 1867 omuibus

536 1921 794 1983 restitit“
848 1917 1293 1983 consideranti
1353 1939 1487 1983 non
1542 1918 1739 2005 plane
1789 1918 2275 1984 contemnenda
2320 1917 2585 1984 videtur
2632 1917 2741 2002 (cf.
2786 1917 2990 1982 etiam

537 2053 651 2118 pro
677 2032 841 2097 Mur.
870 2033 981 2097 36:
1022 2034 1364 2119 „Scaurum
1385 2032 1810 2115 fortissimum
1840 2035 2270 2120 senatorem“).
2320 2033 2533 2120 Opimi
2557 2033 2869 2115 hortatiO,
2905 2031 2991 2097 ad

539 2148 911 2234 exemplum
960 2149 1339 2234 posterioris
1388 2149 1529 2213 sine
1579 2149 1778 2215 dubio
1826 2149 2008 2231 ficta,
2057 2150 2156 2215 ita
2204 2148 2598 2235 explicanda
2645 2152 2777 2213 est:
2841 2169 2992 2213 cum

541 2263 841 2349 Scipione
888 2264 1151 2347 Nasica,
1202 2265 1315 2349 qui
1362 2265 1664 2351 privatus
1684 2267 1724 2352 ¹)
1776 2265 2142 2331 Scaevolam
2191 2266 2258 2329 in
2294 2263 2664 2330 Gracchum
2710 2264 2991 2347 instiga-

541 2383 749 2459 verat,
801 2379 1120 2445 Scaurum
1169 2381 1506 2466 privatum
1551 2381 1933 2447 hortantem
1980 2380 2262 2446 Marium
2312 2381 2677 2466 comparari
2723 2379 2992 2445 solitum

542 2516 687 2561 esse
721 2496 892 2561 sicut
924 2497 1128 2562 etiam
1159 2496 1466 2563 Valerius
1498 2497 1735 2580 habet3
1771 2496 1946 2562 unde
1979 2496 2398 2581 neglegentia
2428 2496 2683 2564 factum
2717 2517 2882 2579 esse,
2916 2498 2995 2561 ut

543 2612 628 2676 ab
677 2611 907 2677 eodem
955 2613 1201 2678 Scauro
1252 2618 1451 2679 aetate
1499 2614 1642 2679 eius
1689 2613 2237 2700 plane·neglecta
2279 2613 2608 2699 Opimium
2657 2612 2994 2678 consulem

542 2728 611 2791 in
645 2726 1014 2792 Gracchum
1045 2729 1394 2793 incitatum
1425 2751 1569 2794 esse
1595 2730 1729 2795 iam
1757 2729 2084 2794 Ciceronis
2109 2730 2517 2815 temporibus
2536 2730 2577 2816 ²)
2605 2727 2993 2794 crederetur.

542 2842 859 2907 Nostrum
906 2865 1061 2909 vero
1109 2843 1326 2909 locum
1373 2845 1514 2910 haec
1547 2846 1861 2927 narratiO,
1911 2843 2065 2910 licet
2102 2844 2279 2909 falsa
2311 2846 2417 2925 sit,
2453 2845 2522 2908 in
2556 2844 2996 2929 suspicionem

545 2956 868 3023 adducere
915 2981 1050 3024 non
1098 2958 1313 3026 debet.
1386 2960 1549 3024 Duce
1596 2961 1799 3044 igitur
1846 2960 1924 3025 de
1959 2960 2205 3026 Scauro
2238 2982 2342 3025 res
2376 2959 2750 3041 traduntur,
2787 2958 2999 3024 altera

546 3095 587 3137 a
620 3073 944 3156 Cicerone,
994 3075 1333 3140 infirmum
1381 3098 1532 3140 eum
1581 3076 1665 3141 ad
1712 3098 2006 3162 pugnam
2056 3080 2286 3141 contra
2319 3075 2753 3141 Saturninum
2787 3076 2856 3139 in
2891 3095 2998 3139 co-

546 3189 807 3254 mitium
876 3191 1160 3273 venisse,
1235 3191 1447 3256 altera
1516 3214 1558 3257 a
1624 3192 1811 3257 fonte
1882 3192 2108 3274 ignoto
2169 3190 2394 3256 Valeri
2413 3192 2458 3279 ³)
2523 3194 2608 3274 et,
2683 3190 3002 3256 detractis

766 3412 804 3476 ¹)
844 3408 911 3462 cf.
942 3411 1272 3477 Ciceronem,
1300 3413 1390 3478 qui
1419 3414 1661 3464 consulto
1689 3428 1901 3479 semper
1928 3412 2174 3464 Nasicam
2203 3414 2535 3479 privatum
2564 3410 2722 3464 dicit:
2763 3410 2877 3463 Cat.
2907 3411 2948 3477 I,
2969 3411 3003 3464 3

548 3500 614 3551 de
654 3500 810 3552 domo
838 3500 905 3552 91
935 3516 1030 3565 pro
1057 3500 1242 3552 Plane.
1270 3501 1355 3565 88,
1385 3500 1534 3552 Brut.
1567 3501 1684 3555 107.
1715 3501 1817 3553 212
1847 3500 2001 3552 Tusc.
2032 3500 2121 3566 IV,
2149 3500 2216 3552 51
2246 3500 2311 3552 de
2338 3500 2429 3553 off.
2459 3500 2498 3565 I,
2529 3501 2620 3568 763
2661 3500 2806 3565 quod
2835 3502 3003 3566 magis

550 3590 822 3654 magisque
862 3605 893 3640 a
933 3589 1276 3653 scriptoribus
1315 3605 1435 3640 cum
1461 3591 1722 3654 gravitate
1754 3588 2020 3654 profertur
2044 3589 2435 3655 (Kornemann,
2477 3588 2664 3641 Gesch.
2695 3588 2744 3640 d.
2776 3588 3003 3640 Gracch.

552 3694 598 3742 p.
626 3679 660 3731 3
698 3681 845 3742 seq.).

764 3764 806 3830 ²)
846 3765 970 3818 Vita
1010 3765 1199 3818 Scauri
1236 3766 1347 3832 (vir.
1378 3768 1449 3818 ill.
1482 3767 1588 3832 72),
1638 3781 1962 3831 quamquam
2004 3782 2070 3818 ex
2110 3768 2278 3833 ipsius
2317 3766 2505 3818 Scauri
2546 3767 2648 3832 „de
2688 3768 2828 3818 vita“
2869 3767 3006 3819 libro

550 3857 639 3906 vix
677 3853 838 3907 fluxit
875 3855 1039 3920 (quod
1073 3854 1253 3919 Klebs,
1293 3855 1651 3922 Pauly-Wiss.
1684 3856 1726 3920 Ι,
1753 3857 1857 3909 587
1897 3855 2196 3918 contendit)
2235 3887 2306 3893 -—
2343 3857 2494 3907 nulla
2522 3856 2663 3907 enim
2691 3863 3006 3922 argumenta

551 3943 827 4010 habemus,
864 3974 934 3981 —-
972 3950 1152 3995 tamen
1192 3941 1298 3995 fide
1339 3959 1445 3996 non
1487 3943 1710 4010 indigna
1761 3951 1854 3995 est.
1935 3943 2308 3996 Gracchanam
2349 3945 2664 3996 seditionem
2704 3944 3009 3997 consulto

550 4038 1019 4085 commemoratam
1060 4048 1155 4084 nec
1193 4049 1223 4084 a
1262 4033 1490 4084 vitarum
1531 4034 1882 4099 epitomatore
1922 4033 2012 4098 (cf.
2042 4033 2187 4085 infra
2226 4050 2312 4100 pg.
2340 4033 2433 4098 32)
2474 4050 2501 4085 e
2540 4033 2836 4100 depravata
2875 4049 3012 4085 com-

552 4124 832 4187 paratione
871 4136 991 4173 cum
1030 4121 1275 4187 Scipione
1315 4122 1509 4174 Nasica
1551 4121 1826 4174 inductam
1866 4138 1980 4174 esse
2020 4139 2081 4175 eo
2122 4125 2383 4189 arguitur,
2424 4122 2563 4189 quod
2599 4124 2734 4174 alias
2764 4128 2885 4189 post
2915 4122 3007 4173 filii

557 4208 758 4276 fugam,
798 4227 917 4276 quae
958 4227 1004 4263 a.
1033 4211 1194 4280 102st
1223 4210 1513 4263 tribuenda
1543 4219 1620 4262 est
1646 4210 1735 4274 (cf.
1759 4210 1877 4263 Val.
1907 4213 2050 4264 Max.
2072 4212 2138 4278 V,
2163 4213 2214 4277 8,
2241 4213 2291 4272 4,
2331 4211 2375 4262 F
2380 4218 2518 4263 ront.
2547 4211 2640 4276 IV,
2671 4211 2718 4270 1,
2747 4210 2853 4277 13),
2893 4227 3012 4262 cum

554 4300 867 4351 narratione
905 4299 971 4351 de
1011 4299 1294 4352 Saturnini
1331 4300 1566 4351 tumultu
1606 4300 1944 4353 coniunctam
1986 4316 2104 4352 eam
2143 4302 2455 4366 legeremus.

771 4387 813 4454 ⁸)
855 4389 1007 4440 Duos
1033 4388 1211 4442 fontes
1233 4390 1488 4441 Valerius
1518 4391 1680 4442 etiam
1708 4390 1805 4456 III,
1831 4390 1878 4457 2,
1902 4390 1969 4444 17
2005 4391 2406 4456 contaminavit,
2442 4398 2500 4441 ut
2528 4389 2633 4442 Cic.
2656 4387 2813 4439 Tusc.
2835 4386 2925 4452 IV,
2946 4388 3013 4440 51

564 4482 822 4544 testatur3
862 4477 928 4529 cf.
959 4485 1223 4543 praeterea
1259 4477 1407 4545 VIII,
1448 4480 1476 4531 1
1518 4476 1697 4530 damn.
1725 4478 1775 4530 2.
1802 4478 1851 4531 3.
1893 4476 2037 4531 infra
2077 4478 2246 4544 111,6.
