3485 5069
1539 380 1896 434 —54—

491 559 891 645 superiorem
951 557 1222 623 Athesis
1281 556 1528 623 vallem
1588 557 2021 643 irruptionem
2082 562 2368 623 exeunte
2414 558 2773 623 Novembri
2820 561 2943 623 aut

489 674 761 739 ineunte
819 673 1180 755 Decembri,
1241 673 1552 739 Catulum
1611 675 1949 759 receptum
2016 673 2207 738 initio
2270 673 2431 738 anni
2505 675 2625 739 101
2699 673 2937 739 fecisse

489 811 831 876 ponemuS.
901 789 1153 855 Marius
1183 789 1385 873 igitur
1426 793 1763 876 comperta
1795 789 2108 855 extremis
2140 789 2420 854 <Ianuari
2454 788 2689 855 diebus
2723 789 2941 856 Catuli

488 905 651 988 fuga
688 906 1104 992 peractisque
1151 905 1552 971 festinanter
1596 905 1826 970 Romae
1857 905 2162 988 negotiis,
2197 905 2469 971 ineunte
2501 905 2741 972 Martio
2791 927 2941 970 cum

490 1020 724 1086 Catulo
788 1021 1178 1086 convenisse
1243 1020 1710 1106 arcessitisque
1774 1020 2069 1085 celeriter
2138 1043 2172 1086 e
2236 1018 2455 1086 Gallia
2521 1021 2941 1087 Narbonensi

490 1137 711 1222 copiiS,
775 1158 923 1222 quae
983 1138 1555 1223 appropinquante
1614 1158 1770 1201 vere
1832 1140 2094 1202 montes
2158 1136 2495 1201 commode
2567 1136 2940 1219 transgredi

487 1255 816 1337 poterant,
879 1256 1165 1317 exeunte
1226 1251 1435 1338 Aprili
1496 1251 1746 1317 bellum
1808 1251 2086 1317 Cimbris
2150 1251 2459 1316 intulisse
2543 1273 2939 1339 magnopere

489 1367 1018 1450 commendatur3
1076 1368 1180 1433 cui
1242 1368 1634 1433 coniecturae
1702 1367 1877 1431 Plut.
1929 1367 2116 1432 Sulla
2175 1367 2266 1431 IV
2335 1389 2470 1433 non
2540 1366 2936 1453 obloquitur.

488 1483 712 1549 Verba
755 1505 914 1549 vero
962 1484 1364 1549 Plutarchea
1410 1481 1496 1564 ,οὐ
1528 1487 1780 1560 πολλαῖς
1816 1476 2090 1569 ἡμέραις(
2140 1506 2175 1549 e
2224 1485 2557 1569 scriptoris
2607 1483 2939 1564 (Posidoni

489 1599 853 1664 secundum
928 1600 1326 1666 Miillenhoff
1385 1601 1461 1682 II,
1523 1599 1671 1687 137)
1753 1600 2024 1666 consilio
2101 1622 2206 1665 res
2283 1602 2682 1681 tragicorum
2760 1622 2939 1666 more

488 1715 785 1792 ornandi,
837 1715 1013 1801 quod
1058 1716 1436 1800 manifestO,
1486 1720 1784 1782 testante
1833 1716 2059 1782 Cassio
2109 1717 2319 1781 Dione
2377 1716 2641 1802 (XXVII
2687 1716 2808 1797 frg.
2852 1718 2939 1781 94

487 1831 706 1918 Bois),
771 1832 842 1897 in
902 1833 1117 1918 capite
1175 1832 1300 1897 XX
1362 1831 1486 1918 (pg.
1522 1832 1671 1915 352,
1727 1833 2009 1920 17--31)
2075 1831 2604 1917 deprehenditur,
2662 1831 2934 1917 explico,

488 1947 615 2013 Cur
677 1951 905 2012 autem
965 1969 1098 2012 non
1162 1948 1394 2013 statim
1456 1951 1609 2034 post
1666 1969 1961 2033 pugnam
2008 1948 2444 2013 Teutonicam
2505 1969 2655 2012 cum
2703 1946 2936 2012 Catulo

488 2063 850 2128 exercitum
896 2063 1145 2128 Marius
1205 2063 1515 2146 iunxerit,
1579 2084 1614 2128 e
1679 2067 1974 2149 tempore
2021 2063 2315 2129 victoriae
2378 2068 2673 2150 apparet,
2737 2085 2939 2148 quam

485 2178 709 2264 paullo
781 2182 939 2244 ante
1011 2179 1280 2245 comitia
1348 2178 1725 2244 consularia
1796 2178 1989 2264 (inter
2048 2178 2140 2243 Id.
2191 2179 2370 2264 Sept.
2435 2182 2504 2244 et
2570 2179 2717 2244 Kal.
2766 2178 2934 2244 Nov.

484 2293 792 2381 fortasse)
863 2294 1262 2360 Plutarchus
1333 2299 1536 2380 atque
1611 2294 1731 2359 Dio
1797 2294 2142 2360 collocant.
2249 2295 2348 2359 Ne
2414 2294 2554 2360 loco
2617 2294 2936 2361 Orosiano

486 2409 586 2495 (V,
618 2412 720 2493 16,
752 2410 855 2498 11)
891 2409 969 2475 de
1004 2410 1141 2475 sole
1173 2410 1284 2476 illo
1319 2410 1422 2475 die
1457 2411 1773 2475 acerrimo
1809 2409 2080 2475 adducti
2112 2410 2400 2475 mediam
2434 2414 2740 2476 aestatem
2771 2432 2936 2497 prae-

483 2525 776 2592 feramus
826 2526 945 2612 (ita
974 2526 1428 2593 Mommsenus
1452 2527 1641 2593 Rom.
1671 2524 1907 2592 Gesch.
1935 2527 2055 2611 11⁸,
2104 2549 2208 2613 pg.
2248 2528 2416 2614 184),
2465 2527 2748 2612 primurn
2779 2525 2936 2591 Plu-

483 2641 696 2707 tarchi
755 2643 826 2706 in
887 2643 1095 2707 ubera
1154 2643 1534 2709 narratione
1596 2642 1956 2725 silentium,
2021 2642 2257 2708 deinde
2312 2665 2552 2728 pugnae
2600 2642 2937 2708 Cimbricae

484 2757 846 2823 similitudo
866 2760 907 2846 ¹)
932 2762 1225 2825 monent.
1277 2759 1571 2839 Quocum
1600 2760 1952 2840 consentit,
1982 2759 2176 2844 quod,
2204 2763 2561 2845 postquam
2578 2759 2934 2840 TeutoneS,

484 2875 597 2959 qui
628 2875 818 2940 initio
853 2874 1151 2940 eiusdem
1183 2875 1343 2941 anni
1379 2877 1505 2941 102
1522 2875 1564 2963 ²)
1609 2874 2196 2961 septentrionalem
2230 2879 2351 2939 aut
2383 2873 2666 2939 mediam
2703 2873 2936 2939 Galliae

481 2994 739 3077 partem
785 2995 1161 3076 tenuerant,
1211 2991 1484 3057 tandem
1523 2992 1594 3057 in
1641 2995 2066 3078 conspectum
2099 2991 2551 3057 Romanorum
2585 2992 2931 3072 venerunt,

702 3181 740 3246 ¹)
777 3182 972 3231 Acrem
1012 3195 1209 3245 pugnae
1249 3178 1530 3231 Cimbricae
1568 3185 1761 3231 aestum
1799 3181 2100 3245 gravissimi
2137 3184 2301 3231 testes
2341 3179 2566 3231 Catulus
2603 3177 2766 3244 (Plut.
2796 3177 2932 3229 Mar.

484 3269 569 3336 26,
607 3284 693 3335 pg.
721 3269 843 3335 358,
881 3268 1034 3335 2sq.)
1092 3274 1144 3320 et
1199 3269 1328 3320 anni
1382 3274 1592 3335 tempus
1645 3268 1880 3335 probant
1933 3274 2183 3334 recteque
2235 3268 2514 3320 Plutarchi
2568 3268 2935 3319 narrationem

484 3372 515 3409 a
540 3356 768 3409 Liviana
807 3356 1200 3424 discrepantem
1225 3355 1555 3409 Mullenhoff
1592 3357 1668 3422 (II
1694 3373 1781 3424 pg.
1806 3357 1907 3410 133
1920 3358 2019 3424 sq.)
2047 3355 2285 3423 praefert.
2345 3356 2681 3423 Quamquam
2707 3353 2934 3407 fortasse

485 3460 550 3496 ex
590 3444 778 3497 eodem
816 3444 968 3497 fonte
1020 3446 1276 3511 primario
1315 3444 1518 3511 pendet
1566 3443 1917 3511 (Mullenhoff
1953 3444 2006 3495 ΙΙ
2047 3444 2200 3510 149),
2239 3443 2357 3495 Livi
2383 3450 2574 3495 auctor
2601 3460 2697 3510 pro
2737 3445 2931 3508 calore,

483 3547 640 3599 quem
692 3534 746 3584 in
799 3550 1038 3601 pugnam
1089 3533 1443 3587 Teutonicam
1494 3536 1844 3600 transposuit,
1897 3533 2081 3586 dolum
2133 3533 2275 3585 Mari
2335 3549 2362 3585 e
2418 3548 2603 3599 pugna
2660 3532 2935 3585 Cannensi

482 3621 710 3687 petitum
747 3620 839 3688 (cf.
863 3622 1013 3674 Oros.
1035 3622 1097 3675 V.
1121 3624 1207 3690 16,
1234 3624 1328 3690 143
1367 3622 1513 3676 Flor.
1542 3623 1585 3691 1,
1609 3624 1696 3690 38,
1725 3624 1792 3676 15
1833 3623 1953 3691 [ΙΙΙ,
1989 3623 2042 3689 3,
2081 3622 2170 3690 15]
2229 3621 2418 3675 Front.
2456 3627 2675 3687 strateg.
2703 3621 2774 3687 II,
2800 3621 2851 3688 2,
2875 3621 2933 3686 8)

481 3709 804 3777 introduxit3
842 3711 1162 3779 inconsulte,
1218 3714 1474 3780 quoniam
1526 3714 1721 3765 mensis
1761 3712 1873 3764 Juli
1914 3714 1965 3764 in
2008 3713 2232 3779 planitie
2271 3711 2464 3763 Galliae
2504 3711 2779 3778 cisalpinae
2819 3709 2932 3762 dies

483 3798 771 3851 nebulosus
808 3801 1165 3866 suspicionem
1202 3808 1391 3854 movet.

697 3887 739 3954 2)
776 3888 945 3941 Recte
984 3889 1311 3943 Miillenhoff
1349 3891 1440 3957 (II,
1480 3890 1597 3944 289.
1641 3890 1761 3942 295.
1802 3891 1927 3955 299)
1967 3896 2021 3941 et
2060 3890 2179 3941 Ihm
2217 3889 2595 3957 (Pauly-Wiss.
2635 3888 2732 3955 III,
2771 3886 2933 3953 2549)

482 3975 832 4028 Plutarchum
855 3977 1014 4044 (Mar.
1034 3978 1123 4044 14)
1145 3984 1198 4029 et
1221 3977 1539 4030 Periocham
1560 3979 1626 4032 67
1649 3985 2025 4044 comparantes
2045 3977 2385 4030 Cimbrorum
2413 3993 2479 4029 ex
2501 3977 2680 4029 Iberia
2701 3975 2934 4029 reditum

482 4065 593 4117 veri
632 4080 679 4117 a.
709 4066 812 4119 103
851 4068 1391 4134 coniunctionemque
1430 4083 1550 4119 cum
1589 4067 1925 4120 Teutonibus
1964 4065 2167 4119 factam
2207 4066 2446 4119 eiusdem
2486 4068 2617 4120 anni
2656 4072 2934 4132 autumn0‚

483 4155 762 4206 consilium
799 4171 926 4208 vero
979 4158 1034 4207 in
1086 4156 1297 4208 Italiam
1350 4157 1686 4222 irrumpendi
1738 4157 1895 4209 initio
1933 4158 2064 4208 anni
2104 4157 2206 4210 102
2245 4157 2509 4208 tribuunt.
2582 4157 2761 4207 Aliter
2798 4154 2935 4207 Neu-

481 4257 644 4294 mann
685 4245 715 4295 1.
739 4245 773 4298 l.
811 4244 854 4312 Ι,
881 4261 965 4311 pg.
987 4245 1107 4298 365.
1166 4245 1360 4297 Fossas
1387 4246 1664 4298 Marianas
1705 4244 1797 4311 (cf.
1828 4245 1963 4297 Vell.
1995 4246 2108 4298 Pat.
2138 4247 2206 4312 ΙΙ,
2235 4246 2318 4311 12,
2340 4245 2393 4308 3)
2431 4249 2621 4296 contra
2655 4244 2936 4295 Plutarchi

482 4333 805 4384 sententiam
843 4336 908 4398 (c.
935 4332 1018 4400 15,
1056 4349 1141 4400 pg.
1168 4334 1293 4401 344,
1333 4333 1398 4385 12
1413 4336 1511 4401 sq.)
1550 4350 1694 4387 anno
1735 4335 1838 4387 102
1879 4342 2179 4388 exstructas
2227 4349 2340 4386 esse
2380 4349 2565 4385 omnes
2605 4333 2933 4402 recentiores

481 4427 683 4488 negant
708 4421 780 4486 (N
784 4437 1018 4474 eumann
1044 4424 1075 4474 l.
1099 4424 1132 4474 l.
1160 4424 1291 4490 3633
1317 4423 1646 4476 Mullenhoff
1666 4425 1733 4491 II,
1764 4425 1893 4491 1233
1933 4425 1980 4477 N
1987 4427 2119 4477 iese:
2146 4424 2337 4475 Abriss
2359 4423 2407 4475 d.
2428 4429 2559 4476 rom.
2578 4420 2935 4475 Geschichte⁸

480 4526 567 4577 pg.
596 4510 737 4576 161).
