3485 5069
1556 314 1905 367 -32-

511 493 611 575 73,
645 494 678 555 7
714 523 801 550 2:
836 494 1001 578 App.
1029 492 1076 574 Ι,
1105 493 1193 557 30
1223 491 1263 578 ξ
1294 492 1441 579 133)
1477 491 1555 556 (18
1591 491 1951 557 Saturnino
1986 492 2226 574 tegulis
2261 493 2473 558 occiso
2508 494 2705 579 (auct.
2735 493 2814 559 de
2839 496 2959 559 vir.

505 608 593 672 ill.
616 610 651 672 7
658 609 718 689 3,
742 611 817 672 11
847 638 935 665 --
958 609 1124 693 App.
1142 608 1189 689 I,
1213 608 1296 670 32
1319 606 1359 694 ξ
1381 608 1529 695 145)
1561 607 1805 672 similia
1829 606 2035 673 tradit
2053 608 2093 694 ¹)
2121 608 2419 693 (81.111118
2444 608 2523 674 (18
2548 610 2594 691 Ι,
2615 611 2699 675 28
2727 609 2767 696 ξ
2789 612 2867 674 17
2875 612 2957 697 6).

719 723 817 787 Ν8
864 744 1021 788 vero
1067 723 1351 788 formam
1383 722 1532 787 libri
1571 721 1650 787 de
1691 723 1853 788 viris
1885 722 2257 789 illustribus
2291 728 2537 790 nostrae
2570 726 2963 791 coniecturae

507 860 802 926 opponas
849 861 949 921 ea,
998 861 1146 925 quae
1190 838 1293 903 vir
1340 837 1765 904 doctissimus
1799 840 1869 904 F.
1897 839 2030 904 Leo
2072 838 2213 924 (Die
2238 840 2961 922 griechisch-romische

503 955 897 1041 Biographie
944 955 1014 1019 in
1059 955 1234 1020 ihrer
1279 954 1769 1020 litterarischen
1815 955 2010 1019 Form
2056 976 2160 1041 pg.
2190 955 2565 1044 309—311)
2617 956 2696 1021 de
2738 956 2959 1022 libello

507 1069 897 1155 disputavit,
948 1074 1242 1135 monent.
1337 1069 1567 1155 Neque
1616 1071 1793 1134 enim
1842 1070 2057 1135 solum
2117 1092 2407 1157 persaepe
2463 1092 2624 1136 vera
2682 1072 2963 1138 historia

506 1189 742 1272 postea
790 1184 1054 1251 demum
1117 1185 1636 1252 narratiunculis
1708 1185 1788 1251 de
1848 1187 1994 1251 vita
2065 1190 2132 1252 et
2200 1186 2495 1253 moribus
2566 1193 2768 1253 aucta
2838 1190 2959 1271 est,

507 1301 623 1367 sed
656 1302 859 1367 etiam
891 1302 1065 1368 inter
1098 1301 1397 1385 singulas
1429 1302 1722 1367 vitarum
1757 1301 2229 1388 descriptiones
2263 1306 2367 1368 est
2400 1301 2960 1386 distinguendum.

508 1416 670 1482 Cum
697 1417 921 1482 Cinnae
949 1416 1078 1504 (69)
1105 1418 1250 1483 vita
1275 1416 1439 1482 nihil
1465 1416 1647 1482 aliud
1673 1417 1764 1483 sit
1788 1417 1915 1482 nisi
1940 1418 2220 1482 historia
2244 1418 2314 1482 in
2338 1419 2743 1504 paucissima
2757 1418 2963 1483 verba

508 1537 872 1616 contracta,
921 1554 1152 1598 earum
1199 1555 1346 1617 quae
1394 1531 1481 1597 ad
1540 1554 1663 1598 nos
1710 1533 2047 1618 pertinent
2091 1532 2340 1598 Metelli
2389 1534 2463 1620 (c.
2507 1536 2611 1621 62)
2659 1546 2832 1599 recte
2881 1555 2963 1598 ex

508 1648 823 1735 ampliore
870 1649 1016 1714 vita
1066 1647 1488 1735 deducitu132)
1551 1648 1715 1712 Mari
1767 1649 2010 1734 partim
2058 1648 2144 1715 ad
2184 1648 2610 1716 traditionem
2643 1649 2962 1735 optimam

507 1764 666 1829 vitae
714 1763 1061 1829 cuiusdam
1109 1785 1192 1829 ex
1240 1763 1467 1846 elogiis
1514 1765 1742 1850 petitae
1789 1763 1960 1829 redit
2007 1763 2110 1848 (81.
2148 1765 2214 1830 C.
2242 1766 2287 1831 I.
2315 1765 2388 1831 L.
2423 1765 2513 1848 12,
2562 1786 2665 1851 pg.
2704 1766 2833 1829 195
2880 1763 2960 1829 de

506 1879 840 1962 Jugurtha
910 1883 978 1944 et
1047 1877 1127 1944 de
1189 1879 1572 1966 Saturnino)
1650 1880 1895 1966 partim
1965 1880 2154 1946 Livio
2226 1884 2295 1946 et
2364 1880 2511 1947 aliis
2581 1902 2707 1946 usa
2777 1881 2959 1966 est3).

509 1995 604 2060 De
653 1994 997 2060 Saturnini
1043 1996 1190 2061 vita
1237 1999 1488 2061 certum
1535 1995 1852 2061 iudicium
1899 1996 2116 2062 facere
2166 1995 2462 2062 audaciae
2511 1998 2632 2061 881.
2712 1996 2964 2060 Tamen

508 2111 692 2177 facta
724 2110 900 2176 nude
932 2110 1147 2177 relata
1179 2134 1221 2177 a
1252 2111 1769 2177 narratiunculis
1802 2115 2038 2198 postea
2070 2112 2174 2198 (ex
2207 2112 2551 2178 annalium
2584 2112 2894 2197 scriptore
2906 2113 2962 2198 Ῥ)

508 2227 776 2292 insertis
807 2227 1094 2292 fortasse
1134 2231 1310 2293 recte
1356 2227 1597 2312 aliquis
1641 2227 2019 2294 distinxerit
2058 2227 2328 2314 (optimo
2361 2228 2501 2317 iure
2532 2228 2966 2293 Rosenhauer

512 2364 615 2428 pg.
662 2344 747 2407 60
801 2342 1322 2408 Hildesheimero
1378 2365 1482 2429 pg.
1532 2346 1612 2407 79
1676 2343 2028 2409 oblocutus
2077 2343 2203 2408 Cic.
2252 2343 2437 2408 Brut.
2488 2344 2618 2406 224
2667 2341 2965 2407 adhiberi

510 2479 642 2523 non
690 2458 879 2545 vult).

1080 2674 1151 2751 3.
1213 2673 1329 2752 De
1388 2674 1797 2752 Plutarcho
1855 2672 2391 2774 Appianoque.

1264 2839 1336 2915 a)
1393 2835 1500 2900 De
1547 2838 1763 2900 fonte
1813 2838 2209 2900 communi.

724 2974 827 3040 Ad
873 2974 1392 3061 pernoscendam
1454 2976 1798 3041 Plutarchi
1843 2976 2259 3062 Appianique
2306 2974 2653 3055 rationem,
2719 2994 2853 3057 qua
2898 2974 2968 3037 in

512 3090 1008 3155 narrationibus
1054 3091 1160 3155 usi
1209 3092 1363 3173 81111,
1414 3092 1732 3177 optimam
1770 3113 2006 3156 ansam
2041 3110 2405 3155 consensus
2439 3110 2665 3153 eorum
2697 3088 2965 3174 praebet,

514 3226 643 3289 quo
691 3205 842 3271 fons
892 3207 1258 3271 communis
1304 3205 1655 3272 indicatur.
1753 3207 1961 3287 Quem
2008 3206 2262 3271 fontem
2309 3208 2536 3269 tamen
2583 3226 2718 3269 non
2764 3204 2967 3269 verbo

731 3384 769 3451 ¹)
792 3384 1031 3450 Vestigia
1050 3382 1217 3437 fontis
1244 3384 1520 3436 cuiusdam
1548 3384 1730 3437 Latini
1757 3384 1901 3450 apud
1929 3385 2237 3450 Appianum
2266 3385 2462 3449 passim
2490 3382 2971 3450 deprehenduntur

514 3473 582 3526 cf.
612 3475 653 3541 Ι,
681 3475 785 3528 3b.
824 3475 905 3527 De
945 3489 1206 3527 consensu
1246 3476 1484 3540 Appiani
1523 3491 1643 3527 cum
1682 3483 1900 3526 auctore
1940 3473 2007 3525 de
2046 3474 2142 3527 vir.
2170 3475 2265 3541 ill„
2305 3489 2423 3526 cum
2463 3473 2627 3526 Floro
2666 3480 2827 3537 atque
2867 3472 2971 3523 Va-

516 3565 647 3617 lerio
687 3563 753 3616 cf.
782 3564 1001 3616 Marcks
1053 3550 1473 3631 Uberlieferung
1526 3565 1620 3616 des
1661 3563 2356 3630 Bundesgenossenkrieges
2409 3580 2491 3630 pg.
2530 3564 2611 3616 28.
2642 3562 2725 3614 29.
2800 3561 2967 3612 Plane

515 3654 758 3719 congruit
805 3669 925 3705 cum
972 3654 1052 3717 iis,
1104 3669 1224 3718 quae
1275 3652 1431 3705 modo
1480 3654 1782 3719 statuimuS‚
1833 3653 2124 3705 Schwartzi
2171 3654 2443 3704 sententia
2490 3650 2849 3718 Pauly-Wiss.
2890 3649 2968 3700 III

516 3737 819 3812 1696J1697
859 3741 926 3795 cf.
957 3743 1203 3795 Berliner
1238 3744 1378 3794 Phil.
1407 3741 1850 3795 VVochenschrift
1888 3743 2045 3806 1905,
2086 3742 2223 3796 1567
2264 3758 2375 3807 seq.

728 3829 769 3897 ²)
808 3830 875 3883 cf.
902 3831 1255 3883 Rosenhauer
1282 3832 1314 3882 l.
1344 3832 1376 3882 l.
1414 3847 1495 3897 pg.
1527 3831 1609 3885 18.
1637 3831 1731 3898 343
1760 3830 1854 3882 sed
1883 3847 1989 3883 non
2019 3838 2163 3883 recte
2204 3837 2257 3882 et
2283 3832 2371 3882 hic
2409 3837 2517 3897 (pg.
2546 3829 2637 3892 61)
2678 3833 2732 3880 et
2757 3826 2972 3879 Hildes-

515 3920 721 3972 heimer
748 3923 855 3986 (pg.
879 3920 1064 3989 78s79)
1104 3920 1417 3972 Ciceronem
1455 3921 1576 3986 (pro
1607 3920 1779 3971 Sestio
1806 3920 1874 3974 37
1889 3938 1902 3988 3
1943 3921 2000 3971 in
2028 3919 2180 3971 Verr.
2210 3920 2302 3986 IV,
2330 3919 2451 3986 147)
2491 3924 2865 3984 comparantes
2903 3916 2969 3968 (18

515 4009 762 4062 Varrone
801 4010 1039 4075 cogitant
1061 4008 1126 4061 cf.
1146 4008 1264 4061 Val.
1288 4010 1433 4061 MaX.
1458 4008 1545 4070 IV,
1570 4011 1618 4076 1,
1641 4010 1737 4076 133
1767 4010 2074 4075 tumultum,
2114 4011 2206 4074 qui
2227 4009 2470 4061 Graccho
2508 4023 2540 4060 a
2567 4023 2729 4059 censu
2757 4007 2972 4057 excluso

516 4095 722 4149 factum
770 4102 866 4162 est,
915 4096 1056 4161 (Val.
1084 4096 1228 4148 MaX.
1260 4097 1354 4162 IX,
1384 4098 1433 4162 7,
1463 4097 1519 4165 13
1569 4097 1719 4164 Elog.
1752 4098 1807 4152 C.
1830 4097 1868 4149 I.
1895 4097 1949 4148 L.
1978 4095 2054 4163 12,
2095 4113 2180 4163 pg.
2210 4097 2312 4149 196
2360 4112 2392 4149 8
2438 4096 2774 4147 Μ811111188118
2819 4094 2971 4146 resti-

517 4188 714 4252 tutum)
753 4192 1036 4251 excerptor
1070 4187 1261 4237 omisit.

732 4276 773 4341 3)
812 4280 952 4327 auct.
992 4274 1057 4326 de
1085 4292 1130 4326 v,
1161 4276 1235 4327 ill.
1260 4276 1345 4342 67,
1384 4276 1416 4329 5
1453 4299 1521 4321 z
1558 4264 1692 4329 Oros
1731 4277 1793 4339 V,
1827 4277 1913 4343 19,
1942 4278 1973 4329 7
2013 4300 2081 4321 =
2122 4276 2238 4328 Per.
2270 4276 2362 4341 79;
2401 4275 2467 4326 (18
2507 4274 2707 4339 campis
2746 4272 2972 4325 Raudiis

519 4361 585 4415 cf.
613 4362 963 4416 Mullenhoff:
1003 4363 1275 4417 Deutsche
1315 4366 1803 4418 Altertumskunde
1842 4366 1911 4431 ΙΙ,
1961 4365 2092 4431 143;
2132 4365 2198 4416 (18
2236 4365 2513 4432 rogatione
2553 4363 2792 4428 Sulpicia
2830 4366 2970 4413 auct.

519 4451 584 4504 de
622 4453 717 4504 vir.
741 4453 814 4504 ill.
839 4453 923 4520 67,
950 4454 983 4503 4
1021 4451 1169 4505 Flor.
1192 4453 1262 4519 ΙΙ,
1301 4453 1352 4517 9,
1392 4454 1440 4506 6.
