3485 5069
1640 334 1997 387 -98-

593 511 980 576 tribunatus
1028 509 1113 575 ad
1162 532 1369 575 unum
1419 532 1501 575 ex
1533 512 1969 596 sequentibus
2001 513 2325 598 pertinere
2359 512 2634 597 debeat3
2683 517 2856 580 certe
2887 535 3044 579 vero

593 625 896 692 diversus
941 630 1046 693 est
1091 627 1177 691 ab
1209 648 1285 692 eo
1335 648 1532 710 anno,
1583 648 1712 712 quo
1746 628 2095 693 tribunatu
2130 629 2292 694 Cato
2326 632 2393 695 et
2425 629 2776 716 Pompeius
2808 629 3044 712 funge-

591 743 859 825 bantur,
924 743 1240 827 quoniam
1287 742 1368 808 iis
1425 764 1557 808 non
1608 744 1903 827 contigit,
1965 747 2042 809 ut
2087 744 2426 810 Metellum
2474 718 2881 811 revocarent.
2977 744 3047 809 Si

591 858 811 940 igitur,
862 861 939 923 ut
984 880 1090 923 res
1151 857 1562 944 postulabat,
1627 859 1840 925 occiso
1903 859 2263 926 Saturnino
2326 862 2557 927 statim
2613 861 2917 927 tribunos
2976 861 3044 925 in

590 972 890 1039 favorem
922 973 1170 1040 Metelli
1200 974 1579 1057 rogationes
1611 974 1846 1040 tulisse
1879 977 2264 1060 statuimuS,
2298 976 2580 1042 Diodoro
2614 977 2720 1042 usi
2750 998 2926 1042 anno
2960 977 3045 1041 98

591 1089 1004 1172 rogationem
1053 1088 1374 1154 Calidiam
1423 1091 1814 1157 tribuemus,
1908 1093 2129 1177 Atque
2192 1093 2438 1179 optime
2502 1092 2807 1178 quadrat,
2870 1091 3046 1177 quod

592 1227 794 1291 supra
852 1206 921 1271 in
995 1227 1171 1271 anno
1221 1206 1306 1270 99
1354 1206 1542 1289 Furi,
1627 1206 1893 1273 Metello
1963 1208 2417 1291 inimicissimi,
2488 1208 2927 1290 tribunatum,
2977 1207 3045 1272 in

592 1342 769 1386 anno
830 1323 915 1386 98
965 1321 1107 1387 eius
1182 1324 1462 1386 mortem
1539 1322 2030 1406 collocavimus,
2093 1327 2358 1410 propter
2426 1324 2762 1389 simillima
2822 1322 3047 1409 populi

591 1436 888 1503 studium
934 1436 1485 1523 voluntatemque
1547 1460 1696 1503 cum
1744 1439 1886 1522 lege
1935 1439 2187 1505 Calidia
2247 1439 2786 1526 componendam,
2845 1459 3046 1524 quam

590 1553 1020 1640 probabiliter
1065 1553 1359 1639 proxime
1409 1557 1642 1619 secuta
1688 1558 1810 1620 est.

802 1671 1024 1753 Atque
1095 1689 1244 1753 quae
1312 1672 1631 1756 praeterea
1701 1669 1782 1735 de
1842 1670 1972 1736 illis
2034 1672 2229 1737 annis
2293 1676 2628 1759 comperta
2695 1672 3043 1754 habemuS,

589 1784 783 1850 facile
833 1806 981 1850 cum
1028 1785 1154 1849 hoc
1199 1807 1416 1850 rerum
1465 1785 1690 1851 ordine
1738 1786 2191 1853 conciliantur.

801 1901 1071 1983 MariuS,
1122 1904 1200 1967 ut
1246 1900 1420 1967 Plut.
1458 1902 1608 1984 363,
1656 1902 1738 1967 15
1809 1901 2033 1985 tradit,
2107 1903 2341 1968 statim
2409 1906 2562 1989 post
2629 1904 3044 1986 rogationem

590 2015 801 2081 latam
835 2015 1159 2099 discessit,
1196 2039 1346 2082 cum
1379 2018 1664 2083 comitiis
1698 2018 2011 2083 censoriis
2041 2017 2212 2105 (363,
2243 2021 2330 2104 8),
2366 2039 2514 2103 quae
2545 2040 2775 2084 mense
2806 2019 3044 2083 Martio

590 2131 697 2196 vel
722 2131 928 2218 Aprili
953 2133 1011 2197 ei
1038 2133 1217 2215 anni,
1246 2155 1288 2197 a
1313 2154 1441 2217 quo
1475 2133 1761 2199 lustrum
1786 2134 2162 2219 incipiebat,
2189 2134 2632 2217 habebantur,
2662 2134 3047 2220 (Mommsen

591 2246 804 2312 St.-R.
843 2247 940 2311 ΙΙΒ
986 2248 1160 2334 352),
1204 2247 1652 2330 interfuisset3
1695 2248 1872 2333 quod
1909 2250 1962 2314 si
1998 2250 2336 2335 probatur,
2364 2271 2583 2315 annus
2609 2251 2694 2315 98
2718 2249 3046 2332 rogationi

591 2362 858 2428 Calidiae
905 2362 1208 2429 demitur.
1282 2363 1610 2443 Quoniam
1655 2385 1813 2430 vero
1862 2387 1904 2429 a
1934 2364 2275 2430 Plutarchi
2319 2364 2505 2431 fonte
2537 2365 2786 2431 Marius
2819 2368 3045 2430 tanto-

590 2500 741 2566 pere
789 2477 1215 2564 detrectatur,
1266 2479 1377 2568 (cf.
1405 2502 1509 2567 pg.
1543 2481 1652 2568 40)
1703 2501 1787 2546 ex
1834 2502 1931 2565 e0,
1981 2480 2157 2567 quod
2197 2503 2440 2548 censor·
2459 2485 2721 2549 creatus
2755 2503 2887 2548 non
2922 2484 3043 2565 est,

512 2663 521 2670 ,
589 2594 901 2660 facillime
964 2597 1304 2682 petitionis
1366 2596 1633 2682 repulsa
1678 2596 2080 2680 fingebatur.
2177 2597 2322 2677 Qua
2382 2602 2728 2684 tamquam
2775 2598 3045 2664 fictione

589 2712 854 2794 reiecta,
903 2733 1118 2797 neque
1167 2734 1419 2777 annum
1470 2714 1554 2778 98
1603 2733 1818 2797 neque
1869 2735 2121 2778 annum
2183 2715 2266 2779 97
2317 2717 2439 2779 aut
2486 2715 2572 2779 96
2634 2714 2818 2779 locus
2868 2736 3045 2779 com-

589 2827 883 2908 mendat,
957 2827 1115 2914 quia
1185 2849 1227 2893 a
1294 2828 1717 2894 restitutione
1787 2828 2036 2894 Metelli
2103 2829 2270 2893 Mari
2340 2830 2596 2895 itineris
2657 2832 2922 2916 tempus
2971 2832 3047 2894 ut

589 2942 896 3029 pendeat,
945 2943 1045 3008 ita
1092 2942 1382 3008 efficitur
1429 2943 1747 3028 (Reinach
1779 2943 1821 3009 l.
1855 2943 1942 3030 1.).
2014 2946 2236 3028 Atque
2283 2947 2458 3009 recte
2506 2948 2769 3030 propter
2799 2945 3044 3016 Metelli

590 3057 877 3123 reditum
923 3058 1173 3124 Marius
1236 3058 1572 3145 profectus
1634 3080 1780 3125 esse
1840 3058 2078 3125 dicitur
2134 3057 2239 3146 (cf.
2276 3058 2458 3125 Oros
2493 3059 2573 3143 V,
2613 3063 2714 3143 17,
2755 3064 2867 3144 113
2916 3061 3042 3126 Cic.

589 3196 650 3260 p.
686 3172 819 3240 red.
857 3173 1014 3253 Quir
1049 3174 1172 3261 11).
1221 3214 1310 3222 -
1355 3174 1494 3269 Nec
1541 3175 1822 3240 certiora
1870 3197 1904 3240 e
1950 3174 2140 3241 Livio
2192 3175 2693 3259 concluduntur,
2744 3177 2858 3261 qui
2902 3167 3040 3241 Me—

590 3288 730 3354 telli
778 3288 1061 3354 reditum
1109 3290 1178 3353 in
1224 3289 1362 3355 fine
1409 3290 1559 3355 libri
1604 3289 1815 3355 LXIX
1846 3292 2186 3357 narrabat.
2246 3291 2443 3357 Liber
2487 3291 2666 3356 LXX
2715 3295 2942 3357 autem
3005 3314 3047 3357 a

589 3404 693 3470 M.’
741 3405 990 3489 Aquilli
1053 3427 1259 3470 causa
1305 3406 1684 3492 incipiebat,
1759 3405 1838 3471 de
1910 3428 2039 3492 quo
2100 3407 2477 3490 ambigitur,
2542 3410 2765 3472 utrum
2814 3408 3046 3473 statim

589 3519 797 3585 redux
824 3542 858 3585 e
882 3520 1354 3606 proconsulatu
1377 3521 1418 3607 ¹)
1468 3525 1742 3608 accepta
1776 3522 2089 3588 ovatione
2116 3522 2217 3609 (de
2250 3524 2397 3587 orat
2429 3522 2502 3604 ΙΙ,
2545 3524 2712 3611 195),
2749 3545 2838 3587 an
2869 3544 3045 3588 anno

590 3639 743 3722 post
790 3635 1069 3723 (Schanz
1099 3636 1288 3702 Rom.
1324 3636 1483 3702 Litt.
1520 3636 1757 3703 Gesch.
1790 3637 1867 3721 12,
1907 3639 2059 3724 141)
2109 3660 2169 3703 a.
2205 3637 2276 3702 L.
2321 3637 2513 3702 Fufio
2561 3659 2712 3703 reus
2759 3638 2981 3704 factus
3003 3640 3044 3727 ²)

592 3752 699 3817 sit.
791 3751 961 3831 Quia
1009 3756 1235 3817 autem
1282 3752 1553 3835 Marius,
1604 3774 1802 3838 quern
1851 3757 2009 3819 ante
2055 3753 2303 3818 Metelli
2348 3752 2633 3818 reditum
2679 3753 3047 3840 profectum

592 3889 737 3932 esse
786 3868 1050 3951 scimus,
1103 3867 1260 3933 dum
1301 3890 1382 3933 ea
1428 3891 1634 3935 causa
1681 3870 2032 3953 agebatur,
2074 3869 2304 3935 Romae
2354 3868 2603 3952 aderat,
2656 3869 2757 3955 (de
2791 3873 2937 3935 orat
2968 3870 3043 3953 H,

812 4099 850 4166 ¹)
889 4099 1127 4152 Siciliam
1165 4100 1477 4153 obtinuerat
1513 4102 1809 4153 secundum
1846 4101 2023 4169 Holm,
2064 4101 2386 4154 Geschichte
2427 4101 2670 4153 Siciliens
2695 4102 2792 4168 III,
2829 4119 2913 4169 pg.
2945 4103 3047 4157 118

592 4203 641 4241 a.
668 4188 930 4256 101—99,
970 4189 1261 4241 secundum
1288 4207 1372 4257 pg.
1401 4190 1504 4243 521
1532 4192 1731 4242 rectius
1758 4206 1803 4242 a.
1836 4191 1990 4243 101-
2014 4191 2117 4243 100
2144 4190 2212 4242 cf.
2239 4191 2358 4242 Per.
2387 4191 2481 4258 693
2522 4190 2713 4256 Obseq.
2741 4192 2839 4259 453
2880 4192 3047 4243 Klebs

591 4277 942 4345 Pauly-WiSS.
972 4277 1042 4345 ΙΙ,
1080 4278 1200 4332 325.

807 4364 849 4431 ²)
889 4366 997 4419 Cic.
1045 4365 1111 4418 de
1163 4373 1298 4419 orat.
1346 4368 1417 4435 ΙΙ,
1468 4367 1589 4435 124,
1638 4368 1759 4435 188,
1809 4369 2109 4436 194-196,
2165 4370 2217 4419 in
2258 4367 2412 4421 Verr.
2444 4367 2509 4435 V,
2536 4368 2586 4435 3,
2638 4367 2796 4420 Font.
2824 4369 2911 4436 38,
2950 4385 3047 4435 pro

594 4452 788 4507 Flacco
826 4456 912 4521 98,
952 4456 1101 4507 Brut.
1128 4455 1251 4522 222,
1293 4456 1359 4507 de
1399 4456 1488 4508 off.
1519 4457 1589 4522 II,
1627 4458 1714 4524 50,
1756 4456 1969 4523 Quinct.
1997 4458 2122 4510 inst.
2150 4458 2221 4524 II,
2248 4457 2333 4524 15,
2354 4458 2404 4511 7.
