3485 5069
1553 337 1908 390 -57-

507 513 910 579 Saturninus
956 534 1091 578 non
1140 516 1497 578 accusatus
1545 517 1667 594 est,
1690 514 1728 598 ¹)
1778 513 1878 578 ita
1922 534 2027 578 res
2075 534 2147 578 se
2193 513 2424 578 habet:
2486 512 2556 578 Si
2604 515 2821 600 spatio
2870 514 2956 580 ab

505 650 565 694 a.
595 627 654 693 d.
682 628 772 693 IV
819 627 909 693 Id.
937 628 1090 693 Dec.
1124 629 1284 693 anni
1335 630 1461 694 102
1508 649 1720 713 usque
1769 627 1855 693 ad
1904 629 2172 693 comitia
2217 629 2574 724 tribunicia
2620 629 2780 694 anni
2830 632 2952 695 101

504 744 904 826 legationem
926 746 970 830 ²)
1042 748 1247 829 atque
1317 744 1814 809 accusationem
1880 744 2254 825 tribuimus,
2324 745 2520 830 priori
2585 744 2958 810 tribunatui

505 860 664 924 anni
700 861 826 925 103
860 863 982 925 aut
1016 860 1142 925 102
1174 862 1620 941 reservantur,
1656 860 1712 924 si
1746 859 1918 923 inter
1948 860 2217 924 comitia
2248 859 2604 924 tribunicia
2635 860 2795 925 anni
2830 861 2956 925 102

505 979 574 1040 et
620 997 680 1040 a.
711 974 770 1040 d.
798 974 889 1039 IV
920 974 1012 1040 Id.
1040 976 1192 1040 Dec.
1222 975 1381 1040 anni
1418 977 1545 1041 102
1579 996 1694 1040 eas
1740 975 2069 1060 ponimus,
2120 973 2199 1039 de
2241 995 2374 1039 uno
2408 996 2585 1040 anno
2622 975 2748 1041 103
2782 975 2957 1057 cogi-

503 1092 632 1156 tari
664 1094 905 1177 potest.
958 1093 1206 1156 Auctor
1229 1091 1497 1173 ignotus
1532 1089 1835 1175 denique,
1871 1094 1948 1155 ut
1980 1111 2181 1175 supra
2203 1089 2514 1173 vidimus,
2550 1111 2801 1155 annum
2831 1091 2952 1155 101

505 1206 702 1292 priori
748 1207 1123 1272 tribunatui
1169 1205 1485 1271 vindicat.

718 1333 939 1414 Atque
1001 1331 1249 1416 optimo
1309 1331 1450 1394 iure
1510 1330 1851 1395 Plutarchi
1911 1330 2370 1395 testimonium
2422 1329 2549 1393 viri
2598 1328 2775 1396 docti
2821 1351 2956 1396 non

503 1446 889 1528 reiecerunt,
940 1468 983 1510 a
1030 1467 1159 1530 quo
1207 1466 1340 1511 non
1390 1446 1751 1511 abhorrent
1795 1445 2005 1510 verba
2050 1445 2192 1510 Per.
2231 1447 2312 1509 67
2362 1451 2699 1527 „quonum
2737 1468 2956 1512 oonsu-

506 1562 705 1627 latum
738 1560 1026 1650 [Marius]
1066 1563 1526 1627 dissimulanter
1571 1567 1833 1644 captans
1871 1567 2222 1627 consecutus
2264 1567 2412 1637 est“,
2463 1581 2611 1644 quae
2660 1561 2949 1627 consulis

503 1679 570 1740 et
617 1676 867 1742 tribuni
915 1677 1244 1743 occultam
1290 1677 1666 1762 pactionem
1699 1675 2072 1758 designant.
2147 1675 2333 1741 Licet
2362 1676 2593 1759 Rutili,
2644 1676 2752 1742 vel
2784 1676 2957 1742 alius

503 1792 793 1857 auctoris
841 1791 989 1857 odio
1023 1792 1594 1857 narratiunculam
1627 1791 1989 1875 adscribaS,
2039 1792 2206 1857 Mari
2255 1796 2455 1858 aetate
2496 1793 2777 1858 inventa
2808 1814 2954 1858 esse

506 1911 573 1973 et
618 1906 819 1990 facto,
869 1907 1045 1992 quod
1090 1906 1202 1972 illo
1252 1928 1428 1972 anno
1477 1907 1882 1972 Saturninus
1932 1907 2240 1973 tribunus
2281 1910 2443 1990 erat,
2493 1907 2617 1971 niti
2670 1906 2953 1972 videtur.

500 2022 731 2088 Fontis
762 2043 919 2088 vero
944 2023 1155 2105 ignoti
1187 2043 1362 2088 error
1409 2026 1478 2087 et
1507 2023 1607 2088 ita
1639 2022 2025 2109 explicatur,
2062 2026 2139 2088 ut
2169 2023 2238 2087 in
2271 2023 2659 2087 universum
2693 2022 2958 2088 facilius

502 2159 702 2224 quam
751 2137 1031 2203 distrahi
1090 2137 1386 2220 singulos
1433 2138 1819 2204 tribunatus
1868 2139 2122 2205 conseri
2177 2139 2474 2225 potuisse
2535 2139 2954 2217 arbitremur,

501 2257 623 2319 aut
684 2253 836 2318 inde
901 2253 1135 2336 fluxit,
1212 2253 1424 2340 quod,
1503 2276 1652 2319 cum
1714 2275 1891 2320 anno
1958 2256 2084 2320 100
2145 2255 2455 2319 tribunus
2515 2254 2602 2319 III
2664 2253 2956 2319 refectus

504 2373 700 2450 esset,
750 2369 1273 2435 continuationis
1323 2369 1567 2434 crimen
1614 2370 1847 2455 utique
1895 2391 2030 2434 non
2076 2370 2325 2435 vitavit
2371 2374 2439 2435 et
2472 2391 2621 2434 cum
2661 2367 2957 2434 Graccho

502 2484 572 2550 in
634 2484 763 2551 hac
822 2506 911 2569 re,
975 2486 1150 2551 sicut
1208 2485 1279 2551 in
1338 2484 1650 2569 rogandis
1710 2484 1969 2569 legibus
2019 2485 2121 2572 (cf.
2177 2485 2487 2574 Florum),
2538 2487 2960 2572 comparatus

516 2601 795 2668 Gracchi
841 2607 977 2669 tres
1024 2603 1409 2668 tribunatus
1457 2603 1884 2669 continuatos
1931 2602 2102 2668 falso
2152 2601 2238 2668 ad
2287 2623 2357 2667 se
2405 2602 2707 2668 attraxit.

716 2727 1061 2793 Saturnini
1107 2727 1452 2793 interitum
1487 2727 1771 2814 denique
1819 2749 2048 2793 omnes
2091 2727 2440 2813 scriptores
2488 2726 2770 2791 comitiis
2803 2746 2958 2791 con-

510 2843 843 2909 sularibus
891 2844 1051 2908 anni
1102 2846 1228 2910 100
1275 2843 1678 2927 adiungunt3
1745 2866 1892 2929 quae
1950 2844 2264 2929 quoniam
2325 2864 2552 2908 mense
2599 2841 2959 2907 Novembri

508 2958 737 3023 haberi
772 2959 1098 3042 solebant,
1130 2960 1497 3045 AppianuS,
1533 2960 1646 3045 qui
1679 2982 1739 3025 a.
1770 2959 1829 3025 d.
1858 2959 1948 3024 IV
1972 2958 2062 3025 Id.
2091 2960 2297 3046 Dee.³)
2345 2958 2686 3045 Equitium
2732 2959 2954 3042 atque,

508 3077 585 3139 ut
632 3095 666 3138 e
705 3075 1106 3139 narrationis
1144 3097 1493 3160 progressu
1528 3080 1824 3162 apparet,
1860 3076 2063 3140 etiam
2097 3074 2533 3140 Saturninum
2566 3071 2958 3156 sodalesque

510 3188 893 3254 interfectos
920 3211 1065 3254 esse
1098 3195 1329 3255 narrat
1354 3190 1420 3275 (Ι,
1450 3191 1554 3273 33,
1587 3192 1757 3278 146),
1785 3190 1919 3256 fide
1946 3212 2079 3256 non
2105 3190 2416 3273 indignus
2442 3210 2588 3255 esse
2620 3187 2956 3274 videtur.⁴)

502 3306 823 3370 Attamen
879 3305 1003 3369 viri
1052 3304 1225 3371 docti
1289 3305 1508 3371 locum
1563 3310 1738 3371 auct.
1799 3305 1877 3372 de
1924 3307 2045 3372 vir.
2095 3306 2183 3371 ill.
2237 3307 2339 3388 73,
2379 3307 2461 3371 10
2528 3308 2959 3386 „maximoque

715 3569 754 3636 ¹)
793 3569 862 3623 cf.
891 3571 1189 3625 Mommsen
1228 3571 1488 3638 St.-R.1³,
1530 3573 1652 3641 289,
1690 3572 1741 3640 2,
1780 3572 1858 3624 11⁸
1896 3573 2016 3639 298,
2043 3573 2102 3639 2;
2141 3571 2445 3625 Strafrecht
2481 3572 2603 3639 352,
2643 3572 2690 3624 1.

710 3657 752 3726 2)
792 3661 1075 3726 legationis
1121 3668 1330 3728 tempus
1384 3677 1411 3714 e
1459 3661 1812 3714 Saturnini
1863 3662 2218 3715 tribunatu
2256 3660 2658 3726 concludenteS,
2707 3659 2958 3714 Reinach

504 3747 821 3800 Mithridate
850 3749 1111 3817 Eupator‚
1146 3766 1233 3816 pg.
1262 3751 1359 3817 963
1399 3751 1486 3818 97,
1514 3752 1540 3803 1
1574 3756 1627 3803 et
1652 3750 1701 3802 N
1706 3766 1939 3802 eumann
1969 3752 2002 3802 l.
2025 3751 2057 3802 1.
2085 3752 2190 3804 415
2217 3767 2362 3804 anno
2389 3751 2493 3804 103
2520 3766 2639 3803 eam
2665 3750 2957 3816 assignant.

715 3837 756 3901 ⁸)
795 3837 876 3890 Ne
925 3854 1006 3905 eo,
1045 3838 1189 3905 quod
1242 3841 1527 3907 Appianus
1579 3841 1686 3892 iam
1740 3856 1784 3892 c.
1825 3840 1912 3906 32,
1953 3840 2052 3892 141
2093 3840 2403 3892 tribunatus
2458 3840 2671 3891 initium
2723 3854 2819 3905 pro
2871 3838 2960 3891 de-

497 3926 799 3991 signatione
820 3929 1270 3995 commemoravit,
1286 3929 1339 3994 (o‘
1364 3925 1715 3998 Ἀπουλήιος.
1738 3971 1748 3979 .
1771 3970 1780 3980 .
1805 3934 1985 3995 τρίτον
2010 3925 2321 3998 ἐδημάρχει
2340 3933 2533 3984 καίτις
2552 3925 2699 3998 αὐτῷ
2719 3927 2960 3996 συνῆρχε

496 4032 543 4066 κ.
570 4031 612 4066 τ.
634 4015 698 4081 λ.)
736 4016 965 4081 permoti
1003 4018 1220 4069 comitia
1258 4018 1566 4070 consularia
1604 4024 1726 4085 post
1766 4033 1813 4070 a.
1836 4017 1887 4069 d.
1916 4017 2006 4069 IV.
2046 4017 2122 4072 Id.
2152 4018 2280 4070 Dec.
2321 4033 2600 4085 ponamuS,
2640 4032 2748 4069 non
2788 4018 2960 4069 solum

499 4105 641 4171 App.
670 4104 712 4169 Ι,
737 4103 825 4169 33,
854 4104 956 4157 146
994 4112 1047 4156 et
1085 4105 1201 4158 Val.
1232 4107 1379 4158 Mart.
1408 4107 1505 4172 III,
1533 4106 1584 4172 2,
1612 4107 1696 4173 18,
1734 4105 1846 4173 sed,
1895 4106 2036 4172 quod
2065 4108 2280 4159 maioris
2307 4108 2564 4159 momenti
2591 4112 2688 4172 est,
2720 4104 2960 4157 eiusdem

494 4192 680 4244 similis
720 4208 872 4244 error
911 4194 965 4244 in
1007 4196 1183 4261 capite
1223 4195 1266 4261 I,
1303 4195 1370 4247 22
1410 4194 1653 4247 detectus
1705 4193 1795 4260 (de
1823 4212 1928 4262 quo
1955 4194 2020 4247 cf.
2052 4196 2258 4263 Meyer,
2297 4213 2341 4249 z.
2363 4194 2685 4247 Geschichte
2718 4194 2768 4245 d.
2798 4193 2961 4246 Grac-

495 4282 634 4335 chen
674 4282 708 4334 l.
734 4283 768 4333 l.
797 4297 882 4347 pg.
912 4282 1074 4348 95,4)
1115 4290 1353 4337 monent.
1427 4283 1808 4336 Coniecturam
1848 4285 2027 4350 igitur,
2067 4299 2228 4351 quam
2267 4284 2482 4351 Bardey
2519 4287 2631 4350 (pg.
2660 4283 2727 4335 14
2749 4284 2850 4349 sq.)
2892 4282 2959 4335 de

495 4371 737 4437 Appiani
777 4373 1180 4435 computatione
1220 4369 1449 4439 profert,
1489 4388 1597 4424 non
1638 4374 1980 4439 accipiemus,

560 4457 565 4460 ’
711 4459 753 4524 ⁴)
802 4457 875 4512 cf.
907 4459 1075 4511 Klebs
1114 4460 1287 4512 P.-W.
1318 4460 1387 4527 II,
1426 4461 1564 4529 267;
1604 4461 1819 4527 Ziegler
1857 4462 1890 4513 l.
1920 4462 1952 4513 l.
1993 4477 2078 4527 pg.
2102 4461 2184 4513 14.
