3485 5069
1545 340 1902 393 -40-

773 517 941 582 Mari
1069 516 1234 599 XLI,
1268 538 1372 602 pg.
1408 517 1558 599 375,
1625 518 1784 598 6,22
1834 538 1983 581 cum
2024 516 2223 582 Sullae
2314 517 2394 600 X,
2437 539 2542 603 pg.
2568 519 2721 601 430,
2740 519 2825 582 26
2852 539 2947 602 sq.

1910 663 1999 690 =
2045 632 2212 698 Sert.
2282 633 2391 715 IV,
2488 685 2515 715 „
2615 635 2825 716 91,19

1066 747 1232 830 XLI,
1312 799 1339 830 „
1410 749 1560 827 375,
1626 750 1664 813 8
1699 769 1795 832 sq.
1897 801 1923 832 „
2045 748 2212 815 Sert.
2282 749 2392 830 IV,
2489 801 2515 833 „
2615 752 2827 830 91,2ἴ)
2852 771 2946 834 sq.

1067 863 1232 946 XLI,
1313 916 1339 947 „
1411 864 1666 946 375‚24
1901 917 1927 948 „
2123 917 2149 948 „
2283 865 2393 947 IV,
2489 918 2515 949 „
2616 867 2826 944 91,30

1007 979 1235 1062 XLIV,
1316 1033 1342 1062 „
1410 981 1663 1062 379,29
1898 1034 1923 1063 ,,
2119 1033 2145 1064 ,,
2311 981 2392 1063 V,
2488 1033 2515 1063 „
2615 983 2825 1063 92,24
2851 1003 2946 1066 sq.

708 1133 885 1198 Fons
932 1132 1041 1197 ille
1090 1137 1337 1215 autem,
1387 1136 1465 1198 ut
1511 1154 1545 1197 e
1609 1132 1751 1198 loco
1816 1154 2017 1218 supra
2062 1137 2350 1199 tractato
2399 1155 2565 1218 eque
2613 1134 2949 1199 nonnullis

498 1269 664 1332 quos
728 1248 1030 1331 afferam,
1081 1253 1375 1334 apparet,
1424 1249 1696 1313 minime
1742 1249 2025 1313 Marium
2073 1248 2384 1315 laudibus
2433 1249 2691 1315 extulit.
2774 1250 2947 1330 Quo-

497 1364 672 1430 tiens
735 1364 936 1447 igitur
996 1364 1395 1430 Plutarchus
1442 1365 1920 1450 Appianusque
1977 1386 2110 1430 non
2173 1365 2375 1430 verbo
2425 1370 2623 1431 tenus
2673 1387 2948 1431 consen-

497 1479 743 1545 tientes
805 1484 873 1545 et
933 1480 1144 1546 colore
1208 1479 1680 1545 dissentientes
1745 1483 1972 1545 tamen
2028 1502 2110 1545 ex
2158 1479 2388 1546 eodem
2434 1480 2619 1546 fonte
2667 1480 2948 1566 pendere

496 1594 827 1678 videntur,
887 1599 1111 1660 utrum
1159 1597 1504 1682 Appianus
1554 1617 1667 1682 pro
1717 1595 1926 1661 Mario
1974 1617 2077 1661 res
2123 1597 2605 1679 retractaverit,
2658 1619 2745 1661 an
2792 1596 2949 1689 Plu-

496 1713 768 1777 tarchus
803 1711 1026 1776 odium
1058 1712 1129 1776 in
1161 1711 1444 1777 eundem
1479 1712 2000 1794 exaggeraverit,
2026 1733 2140 1797 per
2172 1733 2241 1776 se
2274 1733 2409 1778 non
2440 1716 2647 1797 patet.
2697 1713 2949 1778 Tamen

496 1827 621 1893 hoc
668 1827 952 1893 alterum
1001 1828 1059 1892 ei
1106 1827 1249 1909 loci,
1300 1829 1413 1911 qui
1445 1827 1667 1913 paullo
1703 1827 1945 1892 certius
1977 1828 2251 1892 tractari
2279 1831 2581 1913 possunt,
2618 1818 2949 1894 commen-

501 1942 683 2009 dant.
756 1943 855 2008 Ne
902 1964 1057 2008 vero
1107 1943 1233 2029 ipsi
1280 1942 1634 2008 Plutarcho
1686 1942 2071 2026 malignitas
2119 1943 2472 2026 tribuatur,
2524 1943 2639 2008 sed
2672 1949 2750 2009 ut
2780 1945 2952 2010 inter

498 2080 649 2125 eurn
681 2059 1067 2143 fontemque
1099 2080 1144 2123 x
1190 2062 1422 2124 auctor
1455 2058 1726 2142 quidam
1759 2059 2109 2140 inseratur,
2158 2063 2394 2145 praeter
2424 2060 2585 2124 mite
2618 2061 2950 2145 scriptoris

497 2175 836 2257 ingenium
885 2173 1048 2238 illud
1094 2174 1382 2257 flagitat,
1433 2173 1610 2258 quod
1658 2174 2103 2260 compluribus
2151 2174 2312 2240 locis
2359 2175 2568 2261 ipsius
2610 2176 2951 2261 Arpinatis

501 2289 678 2355 dicta
739 2291 1051 2356 acerrime
1113 2290 1589 2376 impugnantur
1654 2310 1822 2374 quae,
1885 2290 2015 2355 nisi
2074 2291 2142 2354 in
2198 2290 2535 2356 rhetorum
2583 2291 2823 2356 scholis
2872 2313 2952 2356 ea

500 2407 664 2471 ficta
711 2427 856 2472 esse
905 2407 1261 2493 censeas,¹)
1310 2405 1567 2472 fontem
1615 2428 1656 2470 a
1701 2405 1870 2470 Mari
1917 2407 2289 2472 necessario
2340 2408 2782 2492 conscriptum
2833 2406 2951 2471 ad-

497 2523 785 2589 hibitum
833 2545 979 2588 esse
1028 2526 1348 2606 arguunt:
1399 2521 1475 2589 cf.
1508 2523 1613 2605 27,
1663 2545 1769 2609 pg.
1807 2523 2198 2607 359,12sq.3
2242 2545 2293 2588 c.
2330 2523 2435 2605 30,
2470 2545 2573 2609 pg.
2602 2523 2950 2608 363,9sq.;

500 2660 551 2704 0.
591 2640 695 2721 31,
745 2660 849 2725 pg.
886 2640 1036 2722 363,
1075 2641 1187 2720 17,
1247 2660 1298 2704 0.
1335 2640 1440 2722 32,
1474 2660 1579 2724 pg.
1618 2640 1769 2721 364,
1794 2640 1864 2719 4,
1923 2660 1975 2703 0.
2012 2639 2117 2720 33,
2166 2661 2270 2724 pg.
2306 2640 2456 2721 364,
2486 2640 2565 2704 31
2597 2678 2677 2687 ——
2707 2640 2857 2722 365,
2882 2640 2951 2721 4,

499 2776 550 2820 0.
589 2755 693 2837 34,
743 2777 848 2841 pg.
887 2755 1036 2837 365,
1072 2756 1188 2838 29,
1238 2777 1290 2820 0.
1329 2756 1433 2838 34,
1487 2777 1590 2841 pg.
1629 2756 1781 2833 366,
1809 2756 1889 2819 21
1944 2753 2046 2839 (cf.
2085 2776 2135 2820 c.
2172 2757 2275 2835 36,
2326 2777 2430 2840 pg.
2464 2756 2613 2837 369,
2668 2757 2769 2820 15.
2815 2757 2951 2839 21),

496 2891 645 2954 quae
711 2874 935 2936 autem
997 2870 1405 2937 consuetudo
1468 2870 1689 2956 plures
1751 2870 2040 2936 adeundi
2103 2870 2325 2936 fontes
2386 2872 2455 2935 in
2501 2871 2950 2937 Romanorum

496 2986 657 3051 vitis
707 3009 749 3052 a
796 2986 1150 3052 Plutarcho
1199 2986 1420 3052 aliena
1468 2990 1571 3051 est
1620 2986 1722 3073 (cf.
1758 2987 1829 3052 F.
1864 2986 1996 3053 Leo
2044 2986 2082 3052 1.
2116 2986 2203 3073 1.).

713 3130 1017 3195 Ceterum
1063 3129 1217 3195 licet
1264 3129 1457 3195 aliter
1505 3129 1582 3194 de
1632 3130 1762 3194 hac
1807 3151 1875 3195 re
1923 3129 2191 3211 iudiceS,
2243 3129 2414 3194 clare
2462 3152 2503 3194 a
2551 3129 2739 3195 fonte
2775 3150 2951 3195 00111-

499 3245 684 3310 muni
732 3248 1037 3311 auctores
1086 3266 1260 3331 saepe
1308 3248 1483 3310 certo
1534 3245 1808 3311 consilio
1856 3244 2153 3310 recedere
2203 3249 2598 3328 argumenta
2651 3244 2792 3310 haec
2847 3266 2952 3310 se-

501 3360 790 3426 cundum
822 3361 1254 3426 Plutarchum
1286 3360 1594 3426 ordinata
1628 3360 1894 3427 docent:
1943 3360 2120 3446 quod
2162 3382 2213 3426 0.
2251 3363 2355 3444 30,
2404 3382 2506 3447 pg.
2548 3362 2697 3443 363,
2737 3362 2946 3424 7-11

502 3476 581 3542 (10
642 3498 935 3542 censurae
994 3477 1314 3562 petitione
1375 3477 1676 3560 legimus,
1742 3477 1923 3543 nullo
1987 3477 2116 3543 alio
2178 3477 2560 3542 testimonio
2608 3477 2951 3541 firmatum

499 3614 847 3677 rerumque
897 3592 1191 3658 ordinem
1239 3593 1435 3679 plane
1484 3592 1873 3659 disturbans
1924 3593 2027 3680 (cf.
2066 3592 2242 3657 infra
2288 3593 2393 3673 HI,
2429 3593 2489 3680 6)
2540 3591 2952 3658 odiosissime

500 3713 733 3775 contra
779 3708 1061 3774 Marium
1116 3708 1352 3774 fictum
1410 3730 1557 3775 esse
1605 3708 1888 3775 videtur.
1983 3709 2058 3773 In
2106 3730 2157 3774 c.
2194 3710 2300 3791 31,
2349 3731 2453 3794 pg.
2489 3710 2639 3791 363,
2693 3707 2953 3772 12-14

499 3824 899 3890 Plutarchus
947 3826 1032 3890 ab
1081 3825 1383 3911 Appiano
1436 3825 1502 3912 (Ι,
1539 3826 1624 3889 33
1669 3824 1709 3912 ξ
1749 3826 1895 3913 147)
1944 3824 2206 3908 recedit,
2257 3826 2371 3909 qui
2414 3825 2687 3890 Furium
2733 3824 2953 3889 inimi-

503 3940 842 4006 cissimum
911 3940 1175 4007 Metello
1245 3940 1453 4006 fuisse
1525 3940 1707 4024 dicit3
1779 3961 1814 4005 e
1887 3940 2072 4007 fonte
2142 3941 2344 4024 igitur
2416 3939 2767 4022 communi,
2840 3939 2953 4025 qui

718 4210 754 4276 ¹)
793 4209 1023 4263 Fontem
1070 4210 1398 4262 rhetoricum
1453 4209 1703 4262 laudibus
1754 4210 1908 4260 nimis
1948 4209 2331 4276 indulgentem,
2381 4208 2531 4260 cuius
2570 4215 2701 4260 aetas
2739 4204 2954 4258 definiri

498 4305 694 4366 potest,
745 4300 801 4351 in
855 4299 1256 4352 conscribendis
1295 4299 1662 4352 Gracchorum
1707 4300 1832 4351 vitis
1872 4299 2147 4352 adhibuit:
2201 4297 2270 4351 cf.
2299 4298 2667 4362 Kornemann‚
2719 4312 2817 4348 zur
2854 4294 2954 4347 Ge-

502 4388 741 4442 schichte
793 4389 891 4440 der
938 4388 1349 4456 Gracchenzeit,
1402 4389 1648 4455 Beitrage
1699 4405 1798 4440 zur
1850 4391 1995 4441 alten
2053 4388 2399 4454 Geschichte,
2450 4384 2667 4439 Beiheft
2719 4386 2744 4437 I
2797 4384 2954 4451 1903,

498 4494 586 4545 pg.
613 4477 840 4531 40-42.
