3485 5069
1525 342 1885 394 ,59-

478 521 663 603 ficta,
715 518 1109 606 explicanda
1156 523 1261 584 est
1309 518 1505 604 (quod
1554 518 1803 601 Ziegler
1834 518 1875 584 l.
1911 518 1952 583 l.
2001 540 2104 605 pg.
2145 519 2226 582 14
2273 521 2519 599 monet,
2569 519 2842 583 iamiam
2890 541 2932 583 a

478 635 740 722 Bardey
784 634 826 700 l.
862 634 903 701 l.
954 657 1055 721 pg.
1097 637 1178 699 14
1238 634 1696 721 redarguitur).
1794 637 2012 720 Atque
2061 634 2137 716 si,
2186 636 2265 698 ut
2312 634 2655 720 Appianus
2718 632 2927 716 docet,

480 750 554 838 (c.
581 752 686 834 32,
726 752 873 838 142)
921 751 1147 837 primis
1197 751 1479 815 comitiis
1526 751 1694 815 alter
1726 749 1943 815 solum
1976 749 2206 815 consul
2256 748 2631 836 (Antonius)
2667 752 2929 814 creatus

480 870 601 949 est,
651 866 1005 952 proxima
1038 866 1360 931 comitia
1407 887 1507 948 eO,
1552 866 1664 949 qui
1703 869 1975 930 secutus
2009 868 2131 947 est,
2168 863 2270 929 die
2303 865 2540 929 habita
2572 865 2767 951 esse¹)
2804 864 2928 930 sub

477 982 699 1046 verbis
746 982 807 1058 ἐς
852 976 967 1066 τὴν
1013 980 1293 1047 ἐπιοῦσαν
1352 975 1585 1067 ἡμέραν
1653 981 1940 1046 fortasse
2001 980 2188 1045 latet.
2297 980 2503 1045 Plane
2565 984 2792 1045 autem
2860 981 2930 1045 in

476 1097 724 1162 incerto
802 1097 1212 1183 relinquitur,
1293 1098 1563 1182 quantis
1641 1095 2012 1162 intervallis
2091 1099 2369 1161 senatus
2440 1096 2818 1164 consultum
2888 1118 2931 1161 a

479 1212 780 1295 comitiiS,
815 1212 1162 1277 consulum
1196 1212 1489 1278 delectus
1533 1235 1575 1278 a
1612 1216 1890 1278 senatus
1925 1210 2227 1277 consulto
2263 1210 2365 1296 (cf.
2402 1212 2926 1277 coniurationem

479 1326 974 1415 Catilinariam),
1023 1350 1249 1414 pugna
1296 1350 1338 1393 a
1385 1327 1666 1411 delectu,
1740 1350 1783 1393 a
1846 1348 2072 1414 pugna
2136 1326 2346 1392 caedes
2403 1326 2923 1410 distinguantur.

695 1542 732 1606 ι)
768 1558 881 1595 mos
924 1549 1059 1610 erat,
1109 1549 1169 1594 ut
1219 1543 1323 1594 nisi
1372 1541 1514 1594 forte
1553 1543 1740 1609 religio
1780 1541 2014 1606 vetabat,
2066 1542 2312 1609 proximo
2351 1541 2437 1594 die
2478 1542 2672 1593 iterum
2711 1541 2926 1594 comitia

477 1630 835 1698 haberentur3
875 1629 941 1684 cf.
960 1630 1257 1682 Mommsen
1299 1629 1458 1684 St.-R.
1486 1630 1582 1696 ΙΙΙ,
1620 1630 1740 1696 416,
1781 1630 1812 1681 2
1850 1629 1966 1681 Liv.
1993 1629 2168 1696 XXII,
2206 1629 2290 1683 35.
2332 1628 2608 1695 XXXVII,
2646 1631 2730 1684 47.
