3485 5069
1584 329 1936 381 -90-

534 508 812 572 senatus
862 504 1240 571 consultum
1286 504 1545 570 nullum
1591 505 1849 570 factum
1896 509 2029 589 est3
2078 527 2167 571 an
2214 509 2524 571 senatum
2573 529 2761 572 arma
2793 506 2991 594 depo-

535 622 770 703 suisse,
788 624 857 686 et
879 624 1257 706 postquam,
1277 624 1355 686 ut
1377 622 1840 708 reciperentur,
1860 620 2170 704 decrevit,
2188 642 2417 687 rursus
2453 622 2703 708 cepisse
2737 622 2990 689 credis?

748 735 937 816 Quod
983 740 1212 802 autem
1259 736 1439 823 apud
1485 736 1752 802 Florum
1802 740 2006 821 atque
2051 736 2317 802 Livium
2380 736 2704 824 (Orosium
2753 743 2822 804 et
2867 739 2992 805 Pe-

532 852 827 918 riocham
860 851 1024 938 dico)
1065 851 1225 917 fidei
1259 851 1435 917 datae
1465 852 1714 918 mentio
1748 873 1884 918 non
1914 852 2017 936 fit,
2051 852 2119 917 id
2152 852 2478 918 Ciceronis
2510 854 2989 939 testimonium,

532 968 660 1033 hac
705 968 773 1032 in
820 989 890 1033 re
923 968 1347 1034 tenacissime
1391 966 1833 1061 retinendum,
1869 989 2001 1033 non
2035 967 2307 1034 refutat.
2357 969 2529 1034 Nam
2561 970 2770 1036 verba
2803 969 2899 1056 (II,
2925 972 2989 1058 4)

538 1089 819 1171 „senatui
880 1083 1328 1171 (Saturninus)
1391 1107 1506 1167 per
1565 1086 1796 1169 leyatos
1842 1089 2221 1167 poem‘tentioe
2257 1084 2459 1166 fidem
2502 1083 2699 1166 jecit“
2766 1090 2991 1171 aperte

534 1198 791 1282 docent,
825 1200 1093 1265 Florum
1151 1199 1356 1264 fidem
1402 1198 1764 1265 Saturnino
1827 1198 2057 1264 datam
2112 1200 2286 1265 male
2332 1200 2740 1266 intellexisse
2788 1205 2991 1286 atque

531 1318 691 1381 noto
754 1315 979 1381 omnia
1040 1318 1273 1398 argute
1336 1314 1595 1380 dicendi
1661 1315 1885 1380 studio
1948 1315 2411 1401 poenitentiam
2473 1337 2586 1402 pro
2659 1315 2990 1382 deditione

531 1430 852 1516 posuisse.
926 1430 1096 1510 Quid
1143 1431 1318 1495 enim
1364 1431 1531 1496 Mari
1562 1430 1871 1496 interfuit
1903 1430 2340 1496 Saturninum
2373 1435 2494 1497 aut
2526 1433 2748 1497 animo
2781 1433 2990 1518 poeni-

532 1547 817 1611 tentiam
876 1546 1121 1612 habere
1197 1549 1339 1613 aut·
1378 1546 1600 1612 verbis
1673 1567 1823 1612 eam
1894 1547 2304 1633 exprimere?
2409 1547 2695 1613 Liviana
2763 1550 2991 1613 autem

531 1661 825 1728 narratio
898 1683 1048 1727 cum
1102 1661 1237 1728 fide
1299 1661 1462 1727 data
1522 1662 1856 1728 conciliari
1923 1665 2174 1748 potest:
2260 1661 2530 1728 Orosius
2600 1664 2990 1749 interposito

533 1776 707 1844 dicto
754 1777 865 1843 illo
900 1777 1244 1843 Saturnini
1291 1776 1371 1842 de
1403 1778 1609 1843 Mario
1648 1782 1962 1865 „omnium
1991 1779 2377 1844 molitionum
2406 1799 2664 1844 suorum
2695 1779 2982 1845 auctore“

534 1892 635 1980 (V,
689 1895 792 1977 17,
822 1893 904 1982 8),
955 1915 998 1959 a
1033 1914 1259 1980 pugna
1291 1915 1439 1959 cum
1473 1893 1911 1979 optimatibus
1959 1894 2029 1959 in
2061 1893 2252 1959 aditu
2284 1893 2565 1979 Capitoli
2614 1895 2987 1978 commissa,

534 2008 722 2074 cuius
783 2009 1038 2074 exitum
1101 2010 1309 2074 verba
1373 2010 1589 2096 „multi
1634 2013 1799 2075 circa
1846 2007 2194 2092 Sauffez‘um
2240 2016 2297 2075 et
2344 2010 2759 2075 Saturninum
2807 2009 2983 2076 coesi“

533 2122 851 2205 indicant,
895 2123 1238 2190 Saturnini
1268 2127 1548 2189 mortem
1581 2123 1941 2189 manifesto
1976 2124 2277 2190 secernit.
2350 2125 2572 2209 Atque
2603 2125 2711 2190 hic
2743 2126 2990 2211 optimo

533 2239 674 2304 iure
696 2238 901 2304 fidem
950 2238 1179 2305 datam
1226 2240 1728 2326 interponimus.
1780 2240 1993 2319 Quam
2024 2240 2275 2306 Marius
2324 2239 2689 2305 secundum
2726 2240 2993 2306 Livium

534 2353 794 2420 dedisse
839 2354 1106 2421 videtur
1165 2356 1508 2441 opprobrio
1557 2359 1916 2441 permotus,
1980 2355 2175 2440 quod,
2238 2359 2317 2421 ut
2363 2356 2700 2421 consulem
2746 2356 2991 2422 milites

534 2469 930 2555 desererent,
978 2492 1224 2555 magna
1269 2492 1433 2537 voce
1482 2470 1887 2538 Saturninus
1937 2472 1997 2538 ei
2045 2471 2473 2538 clamaverat.

744 2589 966 2672 Atque
1015 2588 1331 2672 quoniam
1375 2587 1547 2654 fides
1593 2588 1862 2674 publica
1909 2592 2091 2654 certa
2127 2586 2503 2653 conditione
2546 2609 2803 2674 semper
2834 2609 2990 2653 con-

534 2702 893 2769 cedebatur
914 2703 977 2792 ¹),
1039 2703 1198 2789 quid
1260 2702 1559 2770 seditiosi
1619 2707 1936 2790 praestare
1998 2704 2365 2787 debuerint,
2429 2704 2764 2788 quaeritur.
2859 2703 2990 2769 De-

534 2818 851 2885 ditionem
898 2819 1198 2885 afferunt
1243 2822 1419 2885 auct.
1456 2818 1535 2885 de
1581 2820 1702 2885 vir.
1736 2819 1827 2885 ill.
1868 2819 2099 2903 73,1o,
2148 2819 2494 2905 Appianus
2543 2820 2611 2905 (I,
2644 2820 2750 2901 32,
2787 2817 2827 2906 ξ
2864 2820 2991 2884 144

531 2938 892 3020 παρέδωκαν
937 2932 1252 3023 ἑαυτούς),
1280 2935 1678 3002 Plutarchus
1724 2933 1849 3022 (pg.
1886 2935 2036 3017 363,
2072 2936 2111 2998 3
2159 2938 2524 3019 παρέδωκαν
2556 2932 2719 3022 σφᾶς
2751 2931 2989 3021 αὐτούς)

531 3071 665 3116 non
697 3053 894 3133 recte,
929 3050 1105 3135 quod
1137 3050 1225 3116 ad
1269 3050 1485 3137 ipsam
1530 3072 1762 3117 vocem
1816 3050 1986 3137 (quae
2031 3051 2100 3115 in
2162 3053 2425 3116 exteras
2459 3053 2727 3115 tantum
2759 3053 2991 3133 gentes

533 3163 888 3231 adhibetur
932 3166 1301 3232 Mommsen
1348 3166 1701 3250 St.-R.111,
1753 3167 1881 3253 55),
1931 3167 2120 3250 bene,
2170 3164 2349 3252 quod
2394 3164 2481 3231 ad
2532 3187 2690 3231 rem.
2754 3165 2991 3231 Melius

534 3285 762 3346 autem
824 3280 1114 3347 dicatur:
1176 3283 1293 3347 uni
1355 3283 1591 3368 cuique
1658 3281 2126 3348 seditiosorum
2188 3304 2269 3347 ea
2329 3280 2724 3365 conditione,
2787 3285 2865 3347 ut
2912 3280 2991 3346 de

533 3395 855 3482 Capitolio
917 3398 1060 3463 sine
1123 3399 1325 3465 armis
1391 3397 1838 3481 descenderet,
1900 3397 2072 3463 fides
2119 3397 2385 3484 publica
2430 3398 2471 3463 i.
2522 3419 2576 3463 e.
2626 3397 2991 3483 impunitas

532 3511 858 3597 promissa
905 3517 1027 3579 est.
1120 3514 1225 3580 Ita
1271 3534 1531 3599 quoque
1576 3514 1725 3579 fieri
1770 3514 2008 3600 potuit,
2057 3516 2136 3579 ut
2182 3513 2524 3579 Sauffeius
2572 3515 2995 3578 cunctaretur

535 3628 721 3714 (App.
756 3628 803 3710 Ι,
838 3629 944 3711 32,
994 3627 1034 3715 ξ
1070 3629 1218 3718 144)
1268 3634 1337 3694 et
1379 3633 1534 3715 post
1580 3630 1794 3695 socios
1827 3628 2093 3694 demum
2126 3628 2523 3715 Capitolium
2566 3628 2991 3713 relinqueret3

534 3744 730 3830 quod,
780 3745 837 3810 si
877 3766 1105 3810 omnes
1154 3744 1353 3811 simul
1391 3766 1537 3811 sese
1579 3744 2009 3827 dedidissent,
2060 3748 2238 3810 stare
2286 3766 2421 3809 non
2466 3747 2712 3830 posset.
2769 3744 2992 3828 Atque

532 3881 602 3925 re
648 3881 810 3925 vera
854 3880 989 3925 non
1036 3863 1114 3925 ut
1162 3859 1419 3926 deditos
1454 3860 1690 3947 (Schol.
1724 3861 2083 3943 BobbienS,
2117 3882 2222 3946 pg.
2259 3861 2411 3942 277,
2446 3859 2575 3923 347
2610 3858 2740 3945 Or.)
2790 3860 2991 3924 comi-

532 3978 724 4042 tante
769 3974 1070 4060 praesidio
1119 3996 1232 4041 eos
1278 3976 1351 4041 in
1395 3977 1644 4042 curiam
1694 3975 2013 4042 deductos
2063 3997 2208 4041 esse
2255 3974 2581 4057 videmus,
2633 3974 2750 4039 sed
2796 3973 2989 4057 longe

750 4189 788 4256 ¹)
827 4187 894 4240 cf.
912 4190 1050 4255 App.
1074 4189 1116 4254 Ι,
1137 4191 1224 4255 54,
1251 4190 1280 4258 5
1301 4188 1405 4243 239
1426 4189 1554 4244 Sall.
1573 4189 1686 4243 Cat.
1705 4190 1793 4256 30,
1814 4190 1872 4257 63
1900 4190 2007 4243 Cic.
2030 4189 2166 4242 Phil.
2183 4189 2249 4257 V,
2270 4190 2357 4257 34,
2383 4189 2532 4256 VIII,
2552 4189 2646 4256 333
2669 4188 2989 4256 Mommsen,

532 4275 837 4331 Strafrecht
874 4293 959 4342 pg.
979 4278 1102 4344 457,
1127 4277 1176 4328 4.
1216 4276 1380 4329 Nulla
1432 4277 1745 4330 condicione
1785 4277 2010 4330 Caeseris
2077 4276 2518 4330 interfectoribus
2570 4276 2701 4329 data
2740 4281 2835 4336 est,
2889 4276 2991 4327 nisi

529 4366 672 4420 forte
712 4367 908 4433 ,valere
935 4365 1162 4418 Caesaris
1188 4369 1326 4419 acta‘
1367 4382 1485 4419 eam
1510 4367 1673 4428 dicaS,
1710 4366 1777 4420 cf.
1807 4367 1915 4421 Cic.
1942 4367 2079 4420 Phil.
2104 4368 2146 4435 Ι,
2174 4367 2231 4435 1;
2270 4366 2410 4420 Vell.
2437 4366 2506 4433 II,
2532 4365 2603 4419 58
2629 4367 2772 4431 App.
2791 4363 2841 4417 b.
2860 4380 2904 4418 c.
2922 4364 2991 4430 ΙΙ,

532 4456 651 4524 135,
690 4456 720 4524 ἓ
745 4455 865 4509 563.
