3485 5069
1553 378 1902 431 „31-

716 555 959 621 Totum
1007 558 1209 641 caput
1239 555 1388 620 Val.
1415 555 1590 619 Max,
1614 555 1723 635 IX,
1779 556 1814 617 7
1864 576 1946 619 ne
1994 555 2149 620 huic
2194 553 2367 620 fonti
2413 553 2786 620 vindicetur
2832 554 2950 620 ad-

504 670 659 735 ditis
720 672 924 736 etiam
973 670 1289 756 exemplis
1337 670 1442 753 III,
1494 673 1553 751 8,
1591 673 1631 734 6
1678 670 1787 751 ΙΧ,
1827 671 1928 751 15,
1977 671 2100 757 1,¹)
2151 670 2206 735 si
2253 674 2428 734 recte
2486 692 2636 736 cum
2684 676 2952 737 auctore

504 785 582 851 de
644 787 803 851 viris
865 786 1235 851 illustribus
1296 807 1376 851 ea
1437 787 1990 872 comparavimus,
2054 808 2096 851 a
2149 785 2338 850 Livio
2399 785 2951 868 abiudicavimuS,

504 901 668 965 nihil
715 901 1006 987 impedit.
1078 901 1370 966 Indolem
1417 923 1573 967 vero
1606 889 1766 966 'eius
1812 901 2129 987 inspectis
2176 901 2256 966 iis
2291 901 2580 984 quicum
2613 923 2952 988 excerpse-

504 1020 661 1082 runt
708 1017 1135 1103 scriptoribus
1183 1018 1317 1082 iam
1366 1015 1812 1083 confidentius
1860 1016 2297 1082 determinare
2329 1016 2508 1099 licet,
2556 1039 2638 1082 ne
2679 1016 2946 1098 „Vitas“

506 1133 680 1197 enim
726 1132 1080 1218 probemus
1112 1154 1280 1217 quas
1312 1132 1795 1198 Hildesheimer
1828 1131 1957 1217 (1.1.
1993 1153 2096 1218 pg.
2122 1134 2230 1215 40,
2264 1134 2372 1219 41)
2412 1133 2776 1219 exscriptas
2810 1155 2954 1199 esse

507 1248 865 1330 contendit,
940 1271 1015 1314 eo
1087 1249 1527 1335 prohibemur,
1600 1246 1775 1332 quod
1847 1269 1881 1313 e
1937 1249 2231 1313 vitarum
2301 1248 2613 1334 scriptore
2690 1249 2956 1314 Florum

506 1363 812 1428 hausisse
858 1365 1080 1428 minus
1128 1362 1363 1450 placet,
1429 1384 1630 1447 quam
1678 1361 1857 1448 apud
1905 1362 2264 1445 Valerium,
2321 1369 2660 1429 auctorem
2708 1364 2786 1429 de
2833 1365 2953 1430 vir.

506 1478 617 1561 ill.,
652 1479 1027 1565 Ampelium
1075 1479 1420 1544 annalium
1467 1479 1741 1565 scriptor
1790 1480 2231 1565 suspicionem
2278 1489 2524 1546 movet.

720 1595 906 1660 Certe
970 1599 1201 1660 auctor
1262 1595 1450 1660 cuius
1495 1595 1783 1678 vestigia
1828 1596 2204 1681 premimuS,
2264 1594 2675 1661 odiosissime
2725 1595 2956 1661 Satur-

507 1710 739 1774 ninum
788 1709 1164 1776 detrectans
1212 1710 1559 1775 historiam
1606 1711 1768 1775 miro
1817 1710 2010 1776 modo
2046 1709 2463 1796 depravavit:
2508 1710 2586 1776 de
2620 1711 2884 1795 Equitio
2918 1733 2960 1776 a

510 1823 868 1891 Saturnino
902 1831 1249 1910 tamquam
1280 1827 1725 1891 instrumento
1760 1825 2060 1892 adhibito
2088 1828 2346 1913 copiose
2371 1827 2701 1909 narravit3
2736 1828 2959 1913 Equiti

511 1960 716 2006 causa
738 1943 779 2028 2)
814 1942 1143 2025 Nunnius,
1181 1941 1472 2008 Glauciae
1501 1964 1707 2007 causa
1732 1942 2082 2007 Memmius
2109 1942 2522 2025 occiduntur3
2557 1942 2958 2009 Saturninus

470 2095 475 2101 ·
510 2056 893 2122 tribunatus
921 2058 1271 2123 continuat
1284 2058 1367 2143 3),
1395 2056 1673 2123 Glaucia
1699 2080 1759 2123 a.
1788 2060 1913 2124 100
1962 2058 2193 2124 consul
2233 2059 2574 2145 creatur4);
2607 2058 2784 2141 leges
2812 2080 2959 2123 cum

514 2170 917 2238 Gracchanis
967 2178 1434 2259 comparantur
1481 2173 1736 2258 (Florus
1785 2175 1860 2256 II,
1894 2175 1956 2257 4,
1985 2176 2076 2261 2),
2126 2174 2430 2239 AEmilius
2465 2174 2754 2240 Scaurus
2789 2174 2957 2259 (Val.

512 2287 686 2352 Max.
720 2287 913 2368 111,2,
947 2291 1027 2352 18
1074 2319 1163 2346 .--
1208 2293 1384 2354 auct.
1422 2288 1500 2353 de
1533 2290 1653 2354 vir.
1681 2289 1772 2354 ill.
1812 2291 1912 2371 72,
1942 2292 2001 2354 9.
2076 2289 2156 2355 cf.
2192 2312 2295 2376 pg.
2335 2291 2461 2378 19.)
2495 2289 2960 2373 introducitur3

510 2404 679 2469 fides
721 2403 882 2469 data
929 2408 996 2469 et
1043 2404 1298 2470 violata
1346 2409 1915 2471 commemoratur.
2012 2406 2184 2485 Quin
2233 2410 2300 2471 et
2358 2404 2536 2492 apud
2583 2407 2961 2491 Appianum

512 2525 736 2586 noster
790 2519 996 2586 latere
1057 2524 1297 2608 potest,
1362 2520 1899 2606 quandoquidem
1961 2521 2039 2587 de
2087 2522 2146 2586 N
2154 2523 2314 2587 unni
2364 2521 2538 2587 caede
2588 2520 2756 2608 (Val.
2785 2522 2958 2588 MaX.

514 2638 622 2714 IX,
662 2639 718 2719 7,
755 2637 795 2700 3
842 2667 929 2694 =
978 2639 1140 2724 App.
1168 2638 1231 2703 b.
1261 2659 1312 2702 c.
1348 2637 1394 2719 I,
1446 2640 1529 2702 28
1565 2637 1604 2724 ξ
1636 2640 1783 2725 128)
1813 2637 1892 2703 de
1916 2638 2145 2724 pluvia
2177 2638 2360 2703 facta
2392 2639 2589 2725 (auct.
2619 2637 2698 2703 de
2723 2639 2843 2704 vir.
2871 2638 2960 2704 ill.

732 2888 767 2952 ¹)
805 2888 1028 2953 Qualem
1075 2890 1315 2955 regulam
1362 2897 1574 2941 secutus
1615 2891 1866 2940 Valerius
1918 2905 1973 2941 se
2018 2891 2131 2954 ipse
2172 2888 2373 2956 laudet,
2424 2906 2532 2942 non
2570 2890 2782 2942 invenio
2820 2888 2963 2955 apud

514 2983 957 3030 commentatores
995 2979 1124 3029 eius.

729 3065 770 3131 ²)
810 3065 941 3117 Cum
980 3065 1144 3118 Floro
1184 3066 1433 3118 Valerius
1472 3067 1737 3119 consentit
1775 3068 1864 3131 qui
1903 3067 2181 3132 Equitium
2221 3068 2404 3133 populi
2442 3067 2618 3119 studio
2658 3083 2685 3119 e
2724 3066 2966 3119 custodia

515 3154 799 3206 liberatum
841 3171 953 3207 esse
992 3155 1157 3207 tradit
1198 3156 1658 3221 neglegentiaeque
1698 3162 2072 3222 excerptorum
2110 3154 2458 3207 tribuendum
2497 3162 2592 3220 est,
2632 3155 2773 3220 quod
2800 3157 2967 3207 ceteri

515 3245 607 3308 qui
645 3259 677 3295 a
718 3251 899 3296 nostro
938 3243 1193 3309 pendent,
1245 3243 1596 3295 Saturninum
1645 3245 1819 3310 ipsum
1858 3244 2109 3296 afferunt.
2187 3244 2349 3309 Apud
2389 3244 2507 3296 Val.
2543 3244 2690 3296 Max,
2728 3243 2821 3310 IX,
2856 3246 2907 3310 7,
2932 3244 2966 3297 3

516 3333 874 3397 „toeterrinms
912 3334 1082 3384 civis“
1123 3332 1416 3385 secundum
1453 3334 1859 3399 grammaticam
1904 3333 2253 3385 Saturninum
2292 3332 2555 3400 designat,
2606 3333 2700 3385 sed
2737 3331 2967 3385 fortasse

517 3437 544 3471 e
584 3428 762 3473 mente
801 3423 1073 3487 scriptoris
1112 3422 1389 3487 Equitium
1429 3423 1480 3473 in
1522 3421 1673 3474 fonte
1713 3424 2047 3474 nominatum
2085 3428 2305 3487 spectat.

731 3509 772 3576 ³)
810 3511 1049 3562 Primum
1087 3511 1422 3562 tribunatum
1461 3527 1606 3563 anno
1645 3527 1691 3563 a.
1722 3510 1771 3563 d.
1811 3511 1886 3562 iv
1926 3492 2509 3563 Id.'Dec.a.102—a.
2540 3509 2590 3562 d.
2626 3510 2702 3561 lv
2739 3511 2816 3562 Id.
2839 3511 2967 3567 Dec.

518 3603 618 3655 101
672 3601 862 3652 tribuit
905 3600 1147 3652 Valerius
1186 3600 1471 3665 Maximus,
1519 3601 1610 3667 qui
1650 3602 1701 3651 in
1744 3602 2054 3653 narratione
2093 3600 2189 3667 III,
2214 3601 2266 3666 8,
2294 3601 2325 3653 6
2378 3607 2504 3652 ante
2551 3601 2766 3652 comitia
2803 3600 2970 3653 tribu·

517 3693 658 3743 nicia
684 3690 812 3741 anni
841 3689 940 3742 101
970 3689 1221 3754 ponenda
1246 3688 1337 3753 (cf.
1365 3688 1505 3740 infra
1533 3690 1606 3752 II)
1635 3688 1700 3741 de
1729 3690 2017 3755 ‚,tribuno“
2046 3689 2207 3740 verba
2233 3688 2382 3755 facit,
2408 3705 2584 3754 quem,
2611 3690 2850 3754 quamvis
2879 3706 2971 3743 no-

518 3780 764 3831 minatim
803 3793 910 3829 non
964 3777 1311 3843 significetur,
1363 3777 1715 3830 Saturninum
1769 3794 1883 3830 esse
1923 3794 2077 3830 nemo
2127 3794 2236 3830 non
2273 3779 2433 3829 videt.
2508 3775 2719 3830 Deinde
2758 3777 2802 3828 F
2808 3779 2968 3844 loru3‚

519 3870 669 3920 cuius
707 3867 871 3920 verba
923 3868 988 3927 ΙΙ,
1015 3868 1120 3934 4,3
1178 3884 1329 3933 „cu-m
1380 3869 1492 3920 iam
1546 3870 1767 3921 tertium
1820 3885 2028 3920 annum
2075 3868 2486 3921 dominare-tufi
2529 3875 2640 3919 tam
2679 3873 2863 3932 aperte
2904 3851 2980 3919 de·

519 3957 845 4009 continuatis
884 3956 1176 4008 honoribus
1216 3957 1527 4023 loquuntur,
1568 3958 1867 4022 praesertim
1906 3957 2098 4009 collato
2138 3956 2342 4007 Velleio
2381 3957 2451 4022 II,
2492 3956 2576 4021 12,
2604 3956 2637 4008 6
2684 3953 2777 4020 (cf.
2806 3971 2968 4022 supra

521 4063 569 4112 p.
598 4046 706 4112 27),
744 4054 803 4096 ut
841 4043 987 4111 apud
1026 4053 1298 4097 auctorem
1337 4043 1403 4096 de
1441 4047 1536 4098 vir,
1566 4047 1641 4099 ill.
1669 4045 1804 4098 illud
1843 4046 2137 4111 „tribunus
2166 4045 2348 4112 plebis
2381 4045 2652 4110 refectus“
2693 4045 2800 4110 (73,
2821 4047 2876 4112 5)
2918 4054 2971 4097 et

519 4137 716 4202 „tertio
754 4134 1027 4198 refectu8“
1068 4135 1176 4200 (73,
1197 4135 1252 4199 9)
1293 4150 1320 4186 c
1360 4136 1633 4200 scriptoris
1672 4135 1893 4187 consilio
1942 4141 2101 4194 certe,
2132 4135 2292 4186 aliter
2318 4141 2480 4199 atque
2507 4133 2573 4185 de
2601 4134 2832 4185 triennio
2859 4150 2967 4186 non

519 4225 823 4289 interrupto
864 4226 1122 4289 explicari
1163 4232 1411 4290 nequeat.

734 4313 776 4379 ⁴)
817 4312 967 4377 Quod
1005 4321 1206 4380 praeter
1245 4315 1385 4366 locos
1424 4331 1586 4381 supra
1628 4312 1874 4366 laudatos
1921 4312 2147 4366 fortasse
2200 4313 2344 4379 apud
2372 4312 2637 4365 Velleium
2675 4313 2972 4379 intelligen-

520 4400 647 4453 dum
686 4409 782 4468 est,
835 4404 985 4455 cuius
1023 4404 1186 4455 verba
1241 4405 1626 4469 „continuatis
1681 4403 2035 4456 honoribus“.
2072 4401 2141 4454 ad
2200 4402 2552 4454 Saturninum
2605 4408 2656 4454 et
2693 4402 2972 4454 Glauciam

520 4499 765 4557 spectare
842 4499 1081 4557 possunt.
