3485 5069
708 1284 876 1405 De
925 1335 998 1401 L.
1034 1335 1321 1422 Appulei
1368 1335 1714 1401 Saturnini
1760 1336 2012 1401 tribuni
2057 1336 2269 1423 plebis
2318 1335 2661 1415 seditione,
2711 1359 2945 1423 quam-

497 1472 699 1536 quam
746 1473 828 1517 ea
859 1451 1105 1535 omnia,
1156 1473 1305 1537 quae
1346 1473 1563 1517 rerum
1595 1452 2051 1518 Romanarum
2093 1452 2409 1518 studiosis
2441 1453 2783 1537 neglegere
2814 1476 2950 1520 non

496 1567 670 1650 licet,
721 1566 908 1650 satis,
960 1571 1289 1654 quantum
1334 1567 1557 1633 fontes
1605 1571 1749 1633 tam
1798 1568 2002 1633 exiles
2048 1569 2463 1655 permittunt,
2514 1572 2827 1635 constant
2882 1572 2951 1635 et

497 1705 539 1749 a
596 1684 1075 1750 recentioribus
1145 1683 1441 1749 historiae
1501 1684 1823 1750 Romanae
1892 1685 2319 1771 scriptoribus
2343 1684 2383 1772 ¹)
2444 1683 2626 1750 haud
2692 1684 2949 1751 diverse

495 1799 890 1882 referuntur,
954 1803 1183 1866 tamen
1244 1799 1310 1881 ii,
1362 1800 1475 1885 qui
1525 1798 1909 1883 diligentius
1969 1800 2038 1864 in
2101 1822 2351 1865 annum
2404 1803 2530 1867 100
2579 1823 2638 1867 a.
2690 1801 2835 1866 Chr.
2883 1823 2948 1867 n.

495 1915 986 2000 inquisiverunt
1007 1914 1050 2004 2)
1129 1915 1647 2001 testimoniaque
1720 1919 2196 1998 congesserunt
2215 1917 2282 2004 ⁸),
2360 1938 2578 2003 pauca
2646 1916 2952 2015 quaedam

502 2030 928 2116 exsequenda
973 2032 1188 2114 magis
1236 2053 1439 2116 quam
1488 2030 1872 2114 corrigenda
1917 2032 2111 2098 nobis
2157 2031 2585 2116 reliquerunt.

708 2147 1002 2212 Primum
1064 2147 1241 2212 enim
1302 2147 1714 2236 subtiliorem
1776 2147 2039 2213 Cicero
2086 2148 2572 2229 „tractationem
2631 2148 2951 2234 postulat,

502 2262 688 2329 cuius
744 2265 824 2328 ut
869 2262 1172 2328 nonnulli
1218 2262 1342 2329 loci
1389 2263 1682 2328 historiae
1729 2261 2047 2349 eripiendi
2092 2263 2595 2349 inventionique
2641 2263 2956 2329 reddendi

501 2381 679 2462 sunt,
728 2379 827 2444 ita
874 2379 1189 2444 universa
1237 2400 1410 2465 saepe
1460 2379 1798 2444 sententia,
1853 2418 1940 2427 —
1997 2378 2350 2445 dummodo
2401 2383 2653 2445 certum
2702 2401 2958 2467 semper

501 2493 759 2561 dicendi
816 2494 1163 2561 consilium
1221 2493 1613 2561 detrahatur
1658 2536 1746 2543 —
1793 2495 2040 2561 maiore
2097 2495 2382 2583 pondere
2437 2495 2784 2582 pensanda
2830 2499 2953 2563 est.

712 2611 965 2677 Deinde
1014 2611 1382 2678 Schwartzi
1395 2613 1441 2699 4)
1491 2611 1903 2697 aliorumque
1924 2612 1967 2700 ⁵)
2006 2612 2445 2678 recentiorum
2484 2611 2957 2698 disputationi-

497 2727 624 2792 bus
685 2726 1099 2793 Plutarchi
1160 2728 1661 2814 Appianique
1720 2728 1892 2793 ratio
1955 2725 2283 2793 scribendi
2344 2727 2579 2793 melius
2639 2729 2953 2812 innotuit,

497 2846 575 2908 ut
603 2844 738 2908 iam
774 2843 1017 2909 certius
1052 2843 1130 2908 de
1165 2844 1260 2909 eis
1293 2842 1582 2909 iudicare
1614 2842 1833 2910 liceat.
1892 2843 2014 2923 Qui
2047 2846 2395 2930 tantopere
2429 2843 2576 2909 odio
2611 2847 2679 2909 et
2710 2866 2954 2928 amore,

498 2957 695 3024 laude
744 2962 813 3024 et
847 2959 1338 3046 vituperatione
1372 2959 1784 3042 singulorum
1814 2960 2161 3024 hominum
2193 2962 2425 3025 contra
2456 2959 2750 3025 historiae
2780 2960 2953 3025 veri-

713 3173 752 3239 ¹)
791 3174 1122 3227 Mommsen:
1162 3173 1315 3227 Rom.
1345 3173 1667 3226 Geschichte
1706 3172 1803 3225 ΙΙΒ
1838 3173 2138 3227 198-208.
2186 3202 2252 3211 —
2302 3172 2488 3225 Niese:
2527 3171 2701 3224 Abriss
2740 3171 2791 3224 d.
2819 3178 2953 3225 rom.

502 3262 865 3315 Geschichte⁸
911 3264 1066 3331 1906,
1116 3280 1203 3330 pg.
1232 3264 1335 3316 161
1357 3279 1434 3329 sq.
1492 3294 1562 3301 —
1618 3263 1934 3315 Neumann:
1984 3261 2303 3315 Geschichte
2351 3261 2511 3314 Roms
2558 3262 2817 3314 wahrend
2860 3262 2954 3315 des

500 3350 736 3405 Verfalls
775 3353 873 3405 der
909 3352 1199 3421 Republik,
1239 3352 1377 3407 1881
1416 3353 1456 3405 Ι.

712 3438 755 3508 ²)
793 3440 1038 3509 Bardey:
1092 3441 1204 3493 Das
1256 3442 1304 3494 6.
1346 3441 1615 3494 Konsulat
1666 3441 1761 3493 des
1814 3441 2020 3492 Marius
2073 3440 2204 3492 oder
2254 3440 2351 3492 das
2401 3439 2541 3492 Jahr
2594 3440 2699 3493 100
2749 3440 2804 3492 in
2856 3439 2956 3492 der

500 3530 802 3582 romischen
841 3528 1531 3597 Verfassungsgeschichte.
1609 3530 1989 3596 Dissertation,
2027 3528 2263 3582 Rostock
2300 3529 2454 3584 1884.

712 3616 755 3685 3)
793 3617 992 3671 Klebs:
1032 3619 1333 3686 Appuleius
1360 3618 1702 3670 Saturninus
1761 3617 2122 3685 Pauly-Wiss.
2162 3616 2234 3685 ΙΙ,
2272 3615 2570 3670 261-269.
2610 3649 2679 3655 -
2716 3617 2952 3684 Ziegler:

497 3705 648 3759 Fasti
684 3706 1028 3761 tribunorum
1067 3708 1239 3774 plebis
1274 3707 1538 3774 133—70‚
1577 3707 1793 3774 Beilage
1819 3723 1942 3759 zum
1967 3707 2281 3774 Programm
2305 3706 2401 3758 des
2426 3706 2549 3773 Kgl.
2578 3706 2954 3775 Gymnasiums

497 3813 565 3848 zu
602 3796 727 3850 Ulm
767 3796 922 3849 1903.

710 3883 754 3952 ⁴)
795 3884 1087 3951 SchwartZ,
1124 3885 1370 3950 Appian:
1445 3883 1802 3952 Pauly-Wiss.
1842 3884 1882 3935 Ι.
1924 3884 2027 3936 216
2047 3882 2103 3936 ff.

713 3973 752 4038 ⁵)
789 3974 1005 4043 Meyer:
1059 3974 1551 4040 Untersuchungen
1602 3990 1701 4024 zur
1754 3972 2075 4025 Geschichte
2122 3972 2223 4024 der
2261 3971 2555 4024 Gracchen.
2629 3969 2954 4024 Festschrift

497 4080 595 4117 zur
649 4064 754 4117 200
768 4063 1020 4134 jahrigen
1076 4060 1382 4116 Jubelfeier
1439 4063 1537 4114 der
1592 4062 1928 4115 Universitat
1983 4062 2142 4114 Halle
2200 4061 2355 4114 1894.
2412 4091 2482 4099 —
2538 4058 2608 4112 cf.
2662 4060 2952 4127 Schwartz,

498 4152 643 4206 Gott.
672 4155 774 4220 gel.
803 4155 940 4205 Anz.
971 4152 1128 4219 1896,
1168 4152 1270 4207 792
1298 4151 1356 4203 ff.
1395 4181 1466 4191 -
1504 4151 1889 4204 Kornemann:
1928 4151 2040 4203 Zur
2065 4150 2385 4204 Geschichte
2423 4150 2521 4202 der
2546 4149 2953 4203 Gracchenzeit.

498 4242 643 4295 Clio:
696 4243 945 4309 Beitrage
997 4259 1096 4293 zur
1145 4243 1293 4294 alten
1349 4241 1670 4294 Geschichte
1719 4241 1874 4294 1903.
1951 4240 1999 4292 1.
2039 4237 2270 4291 Beiheft.
2319 4269 2390 4277 —-
2435 4239 2651 4291 Busolt:
2705 4237 2955 4303 Quellen-

496 4332 756 4385 kritische
793 4332 1048 4397 Beitrage
1089 4347 1187 4383 zur
1226 4330 1545 4383 Geschichte
1586 4328 1684 4382 der
1720 4329 2023 4382 romischen
2065 4327 2539 4381 Revolutionszeit.
2611 4326 2955 4380 Jahrbueher

498 4418 590 4473 fur
640 4421 778 4476 Phil.
820 4438 872 4475 u.
911 4420 1059 4488 Pau„
1111 4420 1208 4472 Bd.
1251 4421 1372 4486 141,
1425 4419 1581 4487 1890,
1629 4419 1730 4472 341
1755 4417 1814 4470 ff.
1851 4449 1922 4457 -
1974 4417 2216 4470 Marcks:
2268 4417 2369 4469 Die
2406 4403 2824 4483 tiberneferung
2858 4405 2954 4467 des

498 4510 1167 4577 Bundesgenossenkriegs
1205 4509 1418 4562 91--89
1456 4526 1506 4565 v,
1533 4509 1656 4562 Chr.
1721 4508 2098 4574 Dissertation,
2137 4505 2440 4572 Strassburg
2476 4505 2631 4559 1884.
