3485 5069
1582 343 1938 398 -73-

531 541 684 585 reus
731 520 953 584 factus
1003 523 1123 585 est.
1190 519 1315 600 Qui
1363 542 1510 585 cum
1568 520 1871 602 multam,
1923 542 2058 606 qua
2118 521 2466 597 multatus
2495 526 2640 587 erat
2662 523 2723 610 ¹),
2772 526 2988 588 totam

534 634 817 722 pendere
866 657 998 700 non
1032 639 1258 721 posset
1292 635 1393 722 (cf.
1431 636 1687 702 Camilli
1718 637 2024 701 timorem
2056 637 2331 724 Dionys.
2364 638 2578 726 App.),
2614 642 2736 703 aut
2767 637 2983 723 quoad

533 772 685 816 eam
753 750 1177 837 pependisset
1257 750 1358 838 (de
1430 751 1732 838 Scipione
1794 752 1874 818 cf.
1938 752 2127 818 Rom.
2200 753 2464 819 Forsch.
2521 754 2598 837 II,
2669 755 2801 818 472
2852 775 2986 839 sq.;

533 866 804 931 Miinzer
850 866 1303 953 Pauly-Wiss.
1358 867 1468 949 IV,
1523 868 1736 955 1482),
1804 869 1871 932 in
1937 890 2261 934 carcerem
2310 870 2646 935 coniectus
2707 870 2986 934 interce-

534 982 732 1047 dente
781 982 854 1047 L.
888 982 1187 1066 Rhegino
1235 983 1386 1049 trib.
1419 983 1505 1070 pl.
1539 983 1864 1049 liberatus
1913 988 2017 1050 est
2064 988 2266 1069 atque
2314 985 2384 1050 in
2431 984 2702 1050 exilium
2742 985 2985 1069 migra-

532 1098 708 1186 vim)
803 1099 992 1181 Tum,
1043 1102 1120 1164 ut
1168 1098 1382 1164 multa
1429 1099 1900 1182 exsolveretur,
1950 1101 2129 1166 bona
2176 1102 2318 1166 eius
2365 1100 2707 1187 publicata
2753 1101 2985 1189 sunt.⁸)

752 1349 792 1414 ¹)
829 1348 1059 1400 Multam
1113 1347 1179 1399 de
1220 1364 1281 1399 eo
1321 1355 1565 1400 exactam
1620 1363 1730 1400 esse
1784 1354 1972 1400 auctor
2022 1347 2089 1399 de
2142 1349 2236 1400 vir.
2276 1349 2351 1401 ill.
2391 1349 2459 1402 73
2506 1355 2755 1415 testatur,
2792 1349 2883 1414 qui
2923 1346 2987 1400 de

538 1438 789 1506 pecuniae
828 1436 1056 1489 redditae
1096 1452 1194 1488 usu
1233 1444 1438 1488 narrat.
1500 1435 1745 1503 Accedit,
1798 1437 1940 1503 quod
1991 1436 2058 1489 de
2097 1437 2322 1489 Camillo
2360 1444 2520 1502 atque
2559 1436 2808 1503 Scipione
2846 1435 2989 1488 idem

530 1527 781 1580 traditur.

749 1615 788 1676 2)
826 1615 1007 1681 Caepio
1046 1612 1274 1667 fortasse
1312 1630 1415 1666 non
1456 1615 1590 1682 iure,
1629 1616 1721 1668 sed
1750 1613 1893 1667 facto
1922 1616 2174 1682 exulavit,
2201 1616 2448 1681 quoniam
2474 1632 2645 1682 neque
2674 1616 2832 1668 exilio
2857 1616 2991 1666 mul-

534 1712 676 1758 tatus
704 1721 835 1771 esse,
864 1720 1036 1770 neque
1077 1710 1228 1756 ante
1268 1704 1594 1756 iudicium
1620 1704 1822 1771 fugisse
1849 1703 2081 1771 videtur,
2102 1712 2161 1756 ut
2186 1719 2326 1770 aqua
2352 1712 2405 1756 et
2430 1707 2539 1772 igni
2569 1706 2616 1757 ei
2641 1704 2989 1757 interdictum

534 1797 618 1848 sit.
677 1795 1013 1847 Redeuntem
1052 1794 1220 1860 igitur
1257 1810 1320 1847 ea
1359 1795 1725 1847 tantummodo
1754 1795 2061 1847 condicione
2088 1796 2270 1847 consul
2296 1794 2609 1847 tribunusve
2635 1795 2691 1846 in
2718 1809 2988 1846 carcerem

533 1886 774 1936 conicere
825 1890 1039 1950 poterat
1077 1884 1310 1951 quidem,
1357 1900 1461 1936 non
1500 1883 1735 1936 debebat
1774 1883 1865 1948 (cf.
1901 1884 2216 1950 Mommsen,
2253 1882 2560 1936 Strafrecht
2597 1883 2664 1937 72
2686 1886 2798 1950 sq.),
2837 1884 2881 1936 si
2919 1883 2988 1935 ad

533 1972 871 2039 pendendam
909 1973 1133 2024 multam
1172 1973 1310 2026 bona
1335 1973 1609 2038 publicata
1634 1989 1736 2024 non
1766 1972 2124 2040 sufficiebant,
2151 1989 2258 2039 qua
2284 1972 2351 2026 de
2377 1989 2435 2025 re
2462 1973 2597 2024 nihil
2623 1974 2830 2025 scimus,
2883 1971 2989 2024 Sed

533 2062 694 2115 etiam
733 2061 928 2128 Scipio,
980 2063 1066 2113 cui
1116 2062 1169 2112 in
1222 2062 1452 2127 patriam
1491 2061 1667 2113 redire
1707 2062 1924 2130 licebat,
1977 2062 2195 2114 exilium
2239 2062 2599 2115 voluntarium
2638 2062 2986 2130 praeoptavit3

534 2151 674 2219 quod
713 2150 855 2203 idem
894 2150 960 2203 de
1001 2151 1249 2216 Caepione
1290 2150 1632 2216 cogitandum
1660 2158 1757 2217 est,
1785 2152 1934 2203 cuius
1971 2151 2151 2204 odium
2189 2152 2415 2217 populus
2451 2167 2484 2204 a
2520 2151 2589 2206 95
2627 2151 2861 2204 nondum
2898 2151 2989 2203 de-

533 2246 783 2307 posuerat
819 2240 947 2304 (Cic.
975 2239 1042 2291 de
1079 2246 1214 2291 orat.
1243 2239 1310 2305 H,
1353 2240 1454 2294 197
1477 2244 1586 2306 sq).

746 2328 788 2393 3)
829 2328 982 2394 Quod
1021 2326 1088 2379 ad
1130 2328 1393 2380 bonorum
1431 2330 1854 2396 publicationem
1891 2329 2107 2396 attinet,
2147 2330 2297 2382 cuius
2334 2330 2535 2382 mentio
2575 2328 2637 2380 fit
2675 2331 2728 2380 in
2770 2330 2891 2381 Per.
2918 2330 2987 2383 67

533 2420 736 2488 („bona
774 2418 1121 2484 publicata“),
1160 2417 1294 2469 illud
1347 2419 1700 2470 certissimum
1754 2425 1851 2486 est,
1896 2435 2001 2470 non
2050 2435 2170 2470 cum
2215 2419 2564 2485 abrogatione
2617 2419 2831 2486 imperii
2868 2434 2986 2470 eam

533 2506 967 2574 coniungendam
1036 2521 1165 2559 esse.
1296 2506 1587 2573 Imperium
1649 2507 1794 2559 enim
1870 2506 2112 2573 Caepioni
2167 2506 2477 2573 abrogatum
2534 2513 2639 2574 est,
2696 2512 2986 2572 antequam

537 2598 760 2663 quaestio
801 2595 1078 2662 peculatus
1135 2595 1384 2646 instituta
1441 2601 1539 2662 est,
1596 2594 1739 2660 quod
1797 2595 1997 2661 Caepio,
2056 2595 2100 2646 si
2156 2596 2263 2647 iam
2322 2594 2608 2647 damnatus
2666 2603 2819 2664 esset,
2876 2612 2984 2648 non

532 2702 678 2739 anno
718 2686 820 2739 105
860 2684 1122 2736 exercitui
1159 2700 1258 2750 pro
1298 2685 1514 2736 consule
1541 2682 1873 2751 praefuisset;
1912 2683 2105 2735 deinde
2134 2685 2315 2751 etiam,
2342 2685 2467 2749 quia
2494 2700 2557 2736 ea
2585 2700 2761 2750 causa,
2789 2700 2853 2736 ex
2880 2700 2986 2750 qua

532 2777 588 2826 in
629 2776 849 2827 exilium
889 2771 1158 2840 profectus
1197 2779 1292 2838 est,
1333 2773 1523 2824 ultima
1562 2789 1673 2825 esse
1713 2773 1902 2825 debet:
1941 2773 1984 2825 si
2024 2773 2188 2839 igitur
2224 2773 2295 2825 ad
2333 2775 2482 2840 prius
2521 2772 2777 2826 iudicium
2817 2774 2987 2840 publi-

531 2866 669 2917 catio
708 2865 1021 2931 pertineret,
1061 2861 1387 2929 efficeretur,
1434 2869 1494 2913 ut
1543 2862 1724 2929 Caepio
1764 2870 1818 2914 et
1856 2872 2135 2916 accusatus
2176 2869 2312 2914 esset
2351 2869 2405 2914 et
2444 2863 2613 2915 multa
2652 2863 2700 2913 ei
2738 2863 2986 2928 inrogata

531 2970 592 3007 eo
650 2961 909 3019 tempore,
965 2967 1068 3016 quo
1107 2958 1291 3017 erepta
1343 2953 1487 3003 omni
1539 2966 1596 3003 re
1652 2950 1907 3003 familiari
1946 2950 2187 3019 profecto
2239 2968 2412 3017 neque
2465 2950 2703 3017 praedam
2772 2967 2985 3003 servare

531 3043 806 3110 potuisset.
883 3039 1037 3106 Quod
1074 3040 1367 3093 absurdum
1407 3046 1501 3092 est.

745 3130 882 3196 Quia
919 3137 1102 3181 autem
1141 3131 1274 3181 alias
1314 3129 1622 3196 Caepionem
1661 3130 1886 3181 subiisse
1926 3131 2294 3182 accusationes
2341 3145 2515 3194 neque
2563 3137 2773 3181 constat
2812 3145 2984 3195 neque

533 3219 813 3287 probabile
853 3227 949 3285 est,
989 3218 1059 3271 ad
1096 3220 1373 3285 peculatus
1413 3234 1628 3271 causam
1667 3219 2087 3285 publicationem
2127 3220 2391 3271 bonorum
2430 3217 2743 3271 referamus.
2808 3220 2985 3285 Atque

536 3310 734 3375 optime
775 3309 955 3360 omnia
994 3312 1316 3373 congruunt,
1355 3308 1400 3358 si
1439 3306 1509 3359 ad
1549 3307 1853 3373 exemplum
1892 3306 2154 3372 Scipionis
2193 3308 2336 3360 bona
2362 3307 2630 3373 Caepionis
2671 3309 2726 3358 in
2766 3308 2987 3359 exilium

532 3396 760 3464 profecti
812 3397 1071 3463 publicati
1118 3402 1243 3448 sunt
1279 3396 1410 3458 (Liv.
1451 3394 1757 3463 XXXVIII,
1785 3397 1871 3462 60,
1896 3396 1956 3463 83
2009 3396 2236 3448 Miinzer
2273 3397 2443 3449 P.-W.
2465 3396 2557 3464 IV,
2586 3397 2771 3464 1482);
2811 3412 2985 3462 neque

533 3487 854 3539 iudiciorum
895 3485 1222 3538 consuetudo
1259 3486 1386 3537 huic
1425 3486 1749 3537 coniecturae
1775 3493 2045 3551 repugnat
2070 3485 2162 3552 (cf.
2188 3484 2493 3539 Strafrecht
2518 3503 2603 3553 pg.
2632 3485 2775 3554 71J2.
2806 3487 2983 3554 1006).

534 3575 675 3641 Quin
715 3583 768 3628 et
805 3575 1094 3627 adiuvatur
1133 3591 1213 3641 e0,
1251 3574 1422 3640 quod:

585 3666 632 3718 1.
672 3664 788 3716 Lex
828 3664 1026 3731 Cassia,
1065 3680 1183 3730 quae
1222 3664 1274 3714 in
1316 3663 1619 3730 Caepionem
1658 3664 1771 3715 lata
1809 3670 1889 3715 est
1925 3664 2137 3729 (Ascon.
2164 3664 2219 3714 in
2259 3664 2414 3716 Corn.
2442 3664 2512 3716 69
2537 3663 2628 3731 K),
2673 3680 2760 3716 eos
2798 3670 2987 3716 senatu

673 3754 938 3819 movebat,
959 3753 1151 3819 quibus
1170 3753 1451 3819 imperium
1472 3752 1788 3818 abrogatum
1806 3759 1960 3804 esset.
2000 3751 2082 3803 Ea
2100 3759 2282 3804 autem
2297 3752 2555 3805 bonorum
2571 3752 2986 3818 publicationem

675 3858 778 3895 non
809 3841 1271 3894 commemorabat.
1339 3841 1490 3892 Prior
1537 3841 1676 3893 enim
1721 3841 1834 3893 eius
1877 3855 2000 3906 pars
2035 3857 2227 3907 „quem
2261 3840 2508 3909 populus
2532 3841 2891 3893 damnasset“
2917 3841 2986 3893 ad

676 3931 732 3984 C.
761 3931 1047 3997 Popillium
1086 3930 1394 3996 pertinebat
1431 3928 1525 3997 (cf.
1552 3930 1619 3983 de
1659 3931 1776 3996 lege
1815 3929 2109 3982 Mommsen
2148 3929 2310 3981 St.-R.
2339 3929 2417 3997 1⁸,
2457 3929 2675 3997 492,1).

588 4021 636 4072 2.
675 4020 735 4071 In
777 4019 1038 4073 Periocha
1094 4021 1162 4074 67
1221 4036 1351 4072 sane
1408 4019 1572 4071 verba
1622 4019 1800 4085 „bona
1836 4019 2161 4085 publicata“
2207 4018 2276 4071 ad
2316 4020 2549 4086 priorem
2589 4035 2804 4071 causam
2843 4035 2987 4086 spec·

675 4116 828 4177 tant3
886 4110 981 4161 sed
1038 4126 1219 4161 rerum
1275 4109 1521 4161 ordinem
1590 4108 1868 4160 turbatum
1938 4124 2051 4160 esse
2118 4124 2327 4161 errores
2389 4108 2667 4161 manifesti
2722 4107 2985 4164 indicant.

675 4200 980 4252 Publicatio
1021 4200 1182 4266 enim,
1230 4200 1275 4249 si
1315 4199 1550 4265 omnino,
1590 4205 1708 4264 post
1757 4198 1965 4263 imperii
2014 4199 2420 4264 abrogationem
2458 4198 2672 4250 demum
2709 4196 2988 4250 afferenda

676 4295 793 4340 erat
831 4287 920 4352 (cf.
962 4288 1277 4355 Mommsen,
1334 4285 1635 4339 Strafrecht
1692 4287 1869 4353 1006).
1944 4286 2156 4339 Deinde
2216 4289 2394 4354 verba,
2451 4303 2570 4353 quae
2618 4285 2804 4339 addita
2843 4294 2986 4352 sunt,

676 4378 870 4444 „primi
908 4385 1026 4443 post
1062 4393 1242 4443 regem
1282 4376 1670 4443 Tarquinium“
1711 4377 1859 4429 nullo
1898 4376 2072 4443 mod0,
2118 4392 2289 4443 neque
2339 4378 2381 4428 si
2418 4377 2586 4442 ipsam
2624 4391 2738 4428 rem
2776 4382 2987 4443 spectas

676 4467 1013 4533 (Mommsen,
1051 4464 1357 4518 Strafrecht
1397 4465 1535 4518 1006
1573 4480 1676 4531 sq.:
1733 4466 2024 4517 multorum
2074 4467 2276 4517 scilicet
2325 4464 2462 4517 bona
2499 4465 2773 4531 publicata
2823 4467 2987 4530 sunt),
