<?xml version="1.0" encoding="UTF-8"?>
<!DOCTYPE html PUBLIC "-//W3C//DTD XHTML 1.0 Transitional//EN"
    "http://www.w3.org/TR/xhtml1/DTD/xhtml1-transitional.dtd">
<html xmlns="http://www.w3.org/1999/xhtml" xml:lang="en" lang="en">
 <head>
  <title>
</title>
<meta http-equiv="Content-Type" content="text/html;charset=utf-8" />
  <meta name='ocr-system' content='tesseract 3.04.00' />
  <meta name='ocr-capabilities' content='ocr_page ocr_carea ocr_par ocr_line ocrx_word'/>
</head>
<body>
  <div class='ocr_page' id='page_1' title='image "./delappuleiosatu01mhgoog_0028.png"; bbox 0 0 3485 5069; ppageno 0'>
   <div class='ocr_carea' id='block_1_1' title="bbox 1536 346 1892 397">
    <p class='ocr_par' dir='ltr' id='par_1_1' title="bbox 1536 346 1892 397">
     <span class='ocr_line' id='line_1_1' title="bbox 1536 346 1892 397; baseline 0 -15"><span class='ocrx_word' id='word_1_1' title='bbox 1536 346 1892 397; x_wconf 57' lang='lat'>„20—</span> 
     </span>
    </p>
   </div>
   <div class='ocr_carea' id='block_1_2' title="bbox 463 520 2944 4078">
    <p class='ocr_par' dir='ltr' id='par_1_2' title="bbox 472 520 2944 2920">
     <span class='ocr_line' id='line_1_2' title="bbox 486 520 2940 607; baseline 0 -20"><span class='ocrx_word' id='word_1_2' title='bbox 486 523 832 605; x_wconf 82' lang='lat' dir='ltr'>erroribuS,</span> <span class='ocrx_word' id='word_1_3' title='bbox 884 522 970 588; x_wconf 89' lang='lat' dir='ltr'>ab</span> <span class='ocrx_word' id='word_1_4' title='bbox 1005 525 1273 588; x_wconf 90' lang='lat' dir='ltr'>auctore</span> <span class='ocrx_word' id='word_1_5' title='bbox 1308 521 1387 587; x_wconf 93' lang='lat' dir='ltr'>de</span> <span class='ocrx_word' id='word_1_6' title='bbox 1413 522 1533 587; x_wconf 89' lang='lat' dir='ltr'>vir.</span> <span class='ocrx_word' id='word_1_7' title='bbox 1560 521 1672 604; x_wconf 92' lang='lat' dir='ltr'>ill.,</span> <span class='ocrx_word' id='word_1_8' title='bbox 1718 543 1871 586; x_wconf 92' lang='lat' dir='ltr'>eum</span> <span class='ocrx_word' id='word_1_9' title='bbox 1902 522 2239 607; x_wconf 89' lang='lat' dir='ltr'>privatum</span> <span class='ocrx_word' id='word_1_10' title='bbox 2274 520 2610 586; x_wconf 90' lang='lat' dir='ltr'>consulem</span> <span class='ocrx_word' id='word_1_11' title='bbox 2638 522 2940 606; x_wconf 89' lang='lat' dir='ltr'>Marium,</span> 
     </span>
     <span class='ocr_line' id='line_1_3' title="bbox 485 636 2944 724; baseline 0 -21"><span class='ocrx_word' id='word_1_12' title='bbox 485 641 563 703; x_wconf 93' lang='lat' dir='ltr'>ut</span> <span class='ocrx_word' id='word_1_13' title='bbox 622 637 708 703; x_wconf 92' lang='lat' dir='ltr'>ad</span> <span class='ocrx_word' id='word_1_14' title='bbox 767 659 954 703; x_wconf 91' lang='lat' dir='ltr'>arma</span> <span class='ocrx_word' id='word_1_15' title='bbox 1012 637 1331 724; x_wconf 89' lang='lat' dir='ltr'>populum</span> <span class='ocrx_word' id='word_1_16' title='bbox 1376 641 1667 720; x_wconf 88' lang='lat' dir='ltr'>voearet,</span> <span class='ocrx_word' id='word_1_17' title='bbox 1728 637 2072 702; x_wconf 92' lang='lat' dir='ltr'>hortatum</span> <span class='ocrx_word' id='word_1_18' title='bbox 2134 659 2299 702; x_wconf 91' lang='lat' dir='ltr'>esse.</span> <span class='ocrx_word' id='word_1_19' title='bbox 2396 636 2686 703; x_wconf 81' lang='lat' dir='ltr'>Scaurus</span> <span class='ocrx_word' id='word_1_20' title='bbox 2741 639 2944 721; x_wconf 90' lang='lat' dir='ltr'>igitur</span> 
     </span>
     <span class='ocr_line' id='line_1_4' title="bbox 483 752 2940 841; baseline 0.001 -24"><span class='ocrx_word' id='word_1_21' title='bbox 483 755 783 839; x_wconf 90' lang='lat' dir='ltr'>princeps</span> <span class='ocrx_word' id='word_1_22' title='bbox 816 757 1093 819; x_wconf 91' lang='lat' dir='ltr'>senatus</span> <span class='ocrx_word' id='word_1_23' title='bbox 1128 753 1265 839; x_wconf 89' lang='lat' dir='ltr'>(pro</span> <span class='ocrx_word' id='word_1_24' title='bbox 1298 753 1467 818; x_wconf 86' lang='lat' dir='ltr'>Rab.</span> <span class='ocrx_word' id='word_1_25' title='bbox 1496 755 1600 835; x_wconf 78' lang='grc'>21,</span> <span class='ocrx_word' id='word_1_26' title='bbox 1638 752 1795 818; x_wconf 92' lang='lat' dir='ltr'>Sall.</span> <span class='ocrx_word' id='word_1_27' title='bbox 1823 753 1961 836; x_wconf 90' lang='lat' dir='ltr'>Iug.</span> <span class='ocrx_word' id='word_1_28' title='bbox 1989 754 2095 835; x_wconf 78' lang='lat'>25,</span> <span class='ocrx_word' id='word_1_29' title='bbox 2121 755 2185 836; x_wconf 86' lang='lat'>4,</span> <span class='ocrx_word' id='word_1_30' title='bbox 2220 752 2675 839; x_wconf 85' lang='lat' dir='ltr'>Pauly-Wiss.</span> <span class='ocrx_word' id='word_1_31' title='bbox 2704 754 2750 836; x_wconf 85' lang='lat' dir='ltr'>I,</span> <span class='ocrx_word' id='word_1_32' title='bbox 2788 755 2940 841; x_wconf 72' lang='lat'>585)</span> 
     </span>
     <span class='ocr_line' id='line_1_5' title="bbox 484 868 2938 954; baseline 0.001 -21"><span class='ocrx_word' id='word_1_33' title='bbox 484 870 552 934; x_wconf 90' lang='lat' dir='ltr'>in</span> <span class='ocrx_word' id='word_1_34' title='bbox 601 872 862 952; x_wconf 87' lang='lat' dir='ltr'>senatu,</span> <span class='ocrx_word' id='word_1_35' title='bbox 904 870 1017 954; x_wconf 91' lang='lat' dir='ltr'>qui</span> <span class='ocrx_word' id='word_1_36' title='bbox 1073 868 1153 934; x_wconf 91' lang='lat' dir='ltr'>de</span> <span class='ocrx_word' id='word_1_37' title='bbox 1202 869 1266 934; x_wconf 87' lang='lat' dir='ltr'>S.</span> <span class='ocrx_word' id='word_1_38' title='bbox 1313 869 1378 934; x_wconf 91' lang='lat' dir='ltr'>C.</span> <span class='ocrx_word' id='word_1_39' title='bbox 1424 869 1657 934; x_wconf 88' lang='lat' dir='ltr'>ultimo</span> <span class='ocrx_word' id='word_1_40' title='bbox 1708 868 2114 935; x_wconf 89' lang='lat' dir='ltr'>decernendo</span> <span class='ocrx_word' id='word_1_41' title='bbox 2162 869 2561 952; x_wconf 79' lang='lat' dir='ltr'>habebatur,</span> <span class='ocrx_word' id='word_1_42' title='bbox 2612 870 2938 949; x_wconf 80' lang='lat' dir='ltr'>consuleS,</span> 
     </span>
     <span class='ocr_line' id='line_1_6' title="bbox 485 983 2937 1071; baseline 0 -22"><span class='ocrx_word' id='word_1_43' title='bbox 485 985 769 1069; x_wconf 90' lang='lat' dir='ltr'>quibus</span> <span class='ocrx_word' id='word_1_44' title='bbox 811 985 1094 1050; x_wconf 88' lang='lat' dir='ltr'>invitis</span> <span class='ocrx_word' id='word_1_45' title='bbox 1143 984 1454 1050; x_wconf 91' lang='lat' dir='ltr'>decerni</span> <span class='ocrx_word' id='word_1_46' title='bbox 1493 1006 1647 1050; x_wconf 90' lang='lat' dir='ltr'>non</span> <span class='ocrx_word' id='word_1_47' title='bbox 1686 988 2035 1070; x_wconf 86' lang='lat' dir='ltr'>poterat,</span> <span class='ocrx_word' id='word_1_48' title='bbox 2070 1006 2154 1050; x_wconf 95' lang='lat' dir='ltr'>ne</span> <span class='ocrx_word' id='word_1_49' title='bbox 2187 983 2657 1071; x_wconf 90' lang='lat' dir='ltr'>impedimento</span> <span class='ocrx_word' id='word_1_50' title='bbox 2691 988 2937 1068; x_wconf 88' lang='lat' dir='ltr'>essent,</span> 
     </span>
     <span class='ocr_line' id='line_1_7' title="bbox 484 1099 2938 1186; baseline -0 -20"><span class='ocrx_word' id='word_1_51' title='bbox 484 1099 860 1183; x_wconf 80' lang='lat' dir='ltr'>admonuit3</span> <span class='ocrx_word' id='word_1_52' title='bbox 923 1100 1098 1185; x_wconf 93' lang='lat' dir='ltr'>quod</span> <span class='ocrx_word' id='word_1_53' title='bbox 1157 1101 1423 1186; x_wconf 90' lang='lat' dir='ltr'>propius</span> <span class='ocrx_word' id='word_1_54' title='bbox 1487 1099 1572 1165; x_wconf 91' lang='lat' dir='ltr'>ad</span> <span class='ocrx_word' id='word_1_55' title='bbox 1631 1101 1986 1165; x_wconf 87' lang='lat' dir='ltr'>veritatem</span> <span class='ocrx_word' id='word_1_56' title='bbox 2049 1100 2355 1166; x_wconf 75' lang='lat' dir='ltr'>accedere</span> <span class='ocrx_word' id='word_1_57' title='bbox 2417 1100 2683 1166; x_wconf 86' lang='lat' dir='ltr'>videtur</span> <span class='ocrx_word' id='word_1_58' title='bbox 2737 1122 2938 1185; x_wconf 89' lang='lat' dir='ltr'>quam</span> 
     </span>
     <span class='ocr_line' id='line_1_8' title="bbox 483 1215 2938 1302; baseline 0 -22"><span class='ocrx_word' id='word_1_59' title='bbox 483 1215 659 1300; x_wconf 89' lang='lat' dir='ltr'>quod</span> <span class='ocrx_word' id='word_1_60' title='bbox 704 1215 1013 1281; x_wconf 91' lang='lat' dir='ltr'>Valerius</span> <span class='ocrx_word' id='word_1_61' title='bbox 1059 1217 1328 1302; x_wconf 62' lang='lat' dir='ltr'>praebet,</span> <span class='ocrx_word' id='word_1_62' title='bbox 1377 1219 1530 1301; x_wconf 90' lang='lat' dir='ltr'>post</span> <span class='ocrx_word' id='word_1_63' title='bbox 1578 1215 1641 1281; x_wconf 89' lang='lat' dir='ltr'>S.</span> <span class='ocrx_word' id='word_1_64' title='bbox 1694 1216 1760 1281; x_wconf 92' lang='lat' dir='ltr'>C.</span> <span class='ocrx_word' id='word_1_65' title='bbox 1809 1216 2066 1281; x_wconf 81' lang='lat' dir='ltr'>factum</span> <span class='ocrx_word' id='word_1_66' title='bbox 2122 1237 2275 1281; x_wconf 88' lang='lat' dir='ltr'>eum</span> <span class='ocrx_word' id='word_1_67' title='bbox 2329 1216 2612 1281; x_wconf 88' lang='lat' dir='ltr'>Marium</span> <span class='ocrx_word' id='word_1_68' title='bbox 2668 1217 2938 1282; x_wconf 84' lang='lat' dir='ltr'>inflam-</span> 
     </span>
     <span class='ocr_line' id='line_1_9' title="bbox 481 1331 2937 1419; baseline 0.002 -24"><span class='ocrx_word' id='word_1_69' title='bbox 481 1333 776 1419; x_wconf 87' lang='lat' dir='ltr'>masse.¹)</span> <span class='ocrx_word' id='word_1_70' title='bbox 871 1331 1196 1396; x_wconf 82' lang='lat' dir='ltr'>Ciceronis</span> <span class='ocrx_word' id='word_1_71' title='bbox 1257 1331 1685 1396; x_wconf 88' lang='lat' dir='ltr'>flosculorum</span> <span class='ocrx_word' id='word_1_72' title='bbox 1749 1331 2222 1397; x_wconf 83' lang='lat' dir='ltr'>rhetoricorum</span> <span class='ocrx_word' id='word_1_73' title='bbox 2288 1354 2437 1397; x_wconf 88' lang='lat' dir='ltr'>cum</span> <span class='ocrx_word' id='word_1_74' title='bbox 2495 1332 2703 1398; x_wconf 90' lang='lat' dir='ltr'>altero</span> <span class='ocrx_word' id='word_1_75' title='bbox 2751 1333 2937 1399; x_wconf 86' lang='lat' dir='ltr'>fonte</span> 
     </span>
     <span class='ocr_line' id='line_1_10' title="bbox 481 1446 2937 1530; baseline 0 -18"><span class='ocrx_word' id='word_1_76' title='bbox 481 1468 601 1512; x_wconf 88' lang='lat' dir='ltr'>suo</span> <span class='ocrx_word' id='word_1_77' title='bbox 664 1446 1269 1530; x_wconf 89' lang='lat' dir='ltr'>coniungendorum</span> <span class='ocrx_word' id='word_1_78' title='bbox 1341 1446 1561 1512; x_wconf 90' lang='lat' dir='ltr'>studio</span> <span class='ocrx_word' id='word_1_79' title='bbox 1609 1446 1918 1512; x_wconf 88' lang='lat' dir='ltr'>Valerius</span> <span class='ocrx_word' id='word_1_80' title='bbox 1990 1469 2030 1512; x_wconf 87' lang='lat' dir='ltr'>a</span> <span class='ocrx_word' id='word_1_81' title='bbox 2103 1447 2404 1513; x_wconf 75' lang='lat' dir='ltr'>Scaevola</span> <span class='ocrx_word' id='word_1_82' title='bbox 2473 1448 2542 1512; x_wconf 92' lang='lat' dir='ltr'>in</span> <span class='ocrx_word' id='word_1_83' title='bbox 2614 1448 2937 1514; x_wconf 81' lang='lat' dir='ltr'>Scaurum</span> 
     </span>
     <span class='ocr_line' id='line_1_11' title="bbox 481 1562 2939 1649; baseline 0 -21"><span class='ocrx_word' id='word_1_84' title='bbox 481 1563 808 1628; x_wconf 82' lang='lat' dir='ltr'>Ciceronis</span> <span class='ocrx_word' id='word_1_85' title='bbox 853 1562 1061 1628; x_wconf 90' lang='lat' dir='ltr'>verba</span> <span class='ocrx_word' id='word_1_86' title='bbox 1108 1562 1476 1644; x_wconf 77' lang='lat' dir='ltr'>transtulit,</span> <span class='ocrx_word' id='word_1_87' title='bbox 1526 1562 1928 1627; x_wconf 88' lang='lat' dir='ltr'>locutionem</span> <span class='ocrx_word' id='word_1_88' title='bbox 1982 1567 2084 1649; x_wconf 78' lang='lat' dir='ltr'>„in</span> <span class='ocrx_word' id='word_1_89' title='bbox 2116 1564 2397 1628; x_wconf 76' lang='lat' dir='ltr'>comitio“</span> <span class='ocrx_word' id='word_1_90' title='bbox 2436 1565 2504 1628; x_wconf 91' lang='lat' dir='ltr'>in</span> <span class='ocrx_word' id='word_1_91' title='bbox 2555 1565 2939 1647; x_wconf 76' lang='lat' dir='ltr'>„anteferes</span> 
     </span>
     <span class='ocr_line' id='line_1_12' title="bbox 478 1677 2934 1763; baseline 0 -20"><span class='ocrx_word' id='word_1_92' title='bbox 478 1678 705 1746; x_wconf 78' lang='lat' dir='ltr'>eurioe“</span> <span class='ocrx_word' id='word_1_93' title='bbox 764 1682 1038 1743; x_wconf 88' lang='lat' dir='ltr'>mutans</span> <span class='ocrx_word' id='word_1_94' title='bbox 1096 1682 1163 1743; x_wconf 91' lang='lat' dir='ltr'>et</span> <span class='ocrx_word' id='word_1_95' title='bbox 1223 1699 1410 1743; x_wconf 90' lang='lat' dir='ltr'>arma</span> <span class='ocrx_word' id='word_1_96' title='bbox 1457 1699 1590 1742; x_wconf 90' lang='lat' dir='ltr'>non</span> <span class='ocrx_word' id='word_1_97' title='bbox 1638 1677 1724 1742; x_wconf 92' lang='lat' dir='ltr'>ad</span> <span class='ocrx_word' id='word_1_98' title='bbox 1771 1699 2064 1763; x_wconf 90' lang='lat' dir='ltr'>pugnam</span> <span class='ocrx_word' id='word_1_99' title='bbox 2113 1677 2229 1743; x_wconf 90' lang='lat' dir='ltr'>sed</span> <span class='ocrx_word' id='word_1_100' title='bbox 2277 1677 2364 1743; x_wconf 91' lang='lat' dir='ltr'>ad</span> <span class='ocrx_word' id='word_1_101' title='bbox 2411 1679 2934 1745; x_wconf 86' lang='lat' dir='ltr'>cohortationem</span> 
     </span>
     <span class='ocr_line' id='line_1_13' title="bbox 477 1792 2930 1878; baseline 0.001 -20"><span class='ocrx_word' id='word_1_102' title='bbox 477 1796 678 1878; x_wconf 91' lang='lat' dir='ltr'>poeta</span> <span class='ocrx_word' id='word_1_103' title='bbox 722 1795 972 1876; x_wconf 86' lang='lat' dir='ltr'>tragico</span> <span class='ocrx_word' id='word_1_104' title='bbox 1032 1792 1299 1876; x_wconf 86' lang='lat' dir='ltr'>dignam</span> <span class='ocrx_word' id='word_1_105' title='bbox 1349 1793 1558 1859; x_wconf 91' lang='lat' dir='ltr'>allata</span> <span class='ocrx_word' id='word_1_106' title='bbox 1605 1815 1750 1858; x_wconf 91' lang='lat' dir='ltr'>esse</span> <span class='ocrx_word' id='word_1_107' title='bbox 1798 1815 2079 1858; x_wconf 90' lang='lat' dir='ltr'>narrans</span> <span class='ocrx_word' id='word_1_108' title='bbox 2125 1795 2480 1859; x_wconf 87' lang='lat' dir='ltr'>veritatem</span> <span class='ocrx_word' id='word_1_109' title='bbox 2530 1797 2930 1861; x_wconf 84' lang='lat' dir='ltr'>obscuravit.</span> 
     </span>
     <span class='ocr_line' id='line_1_14' title="bbox 479 1909 2931 1994; baseline 0 -20"><span class='ocrx_word' id='word_1_110' title='bbox 479 1909 666 1989; x_wconf 81' lang='lat' dir='ltr'>Quod</span> <span class='ocrx_word' id='word_1_111' title='bbox 713 1909 800 1974; x_wconf 93' lang='lat' dir='ltr'>ad</span> <span class='ocrx_word' id='word_1_112' title='bbox 833 1909 1206 1975; x_wconf 86' lang='lat' dir='ltr'>Ciceronem</span> <span class='ocrx_word' id='word_1_113' title='bbox 1255 1911 1520 1992; x_wconf 88' lang='lat' dir='ltr'>attinet,</span> <span class='ocrx_word' id='word_1_114' title='bbox 1571 1910 1879 1994; x_wconf 86' lang='lat' dir='ltr'>quamvis</span> <span class='ocrx_word' id='word_1_115' title='bbox 1926 1913 2177 1976; x_wconf 90' lang='lat' dir='ltr'>remoto</span> <span class='ocrx_word' id='word_1_116' title='bbox 2212 1910 2477 1976; x_wconf 89' lang='lat' dir='ltr'>Valerio</span> <span class='ocrx_word' id='word_1_117' title='bbox 2526 1911 2707 1977; x_wconf 89' lang='lat' dir='ltr'>nullo</span> <span class='ocrx_word' id='word_1_118' title='bbox 2741 1913 2931 1977; x_wconf 90' lang='lat' dir='ltr'>testi-</span> 
     </span>
     <span class='ocr_line' id='line_1_15' title="bbox 477 2024 2932 2111; baseline 0.001 -22"><span class='ocrx_word' id='word_1_119' title='bbox 477 2026 697 2091; x_wconf 91' lang='lat' dir='ltr'>monio</span> <span class='ocrx_word' id='word_1_120' title='bbox 758 2024 1079 2108; x_wconf 86' lang='lat' dir='ltr'>firmetur,</span> <span class='ocrx_word' id='word_1_121' title='bbox 1144 2024 1224 2090; x_wconf 92' lang='lat' dir='ltr'>de</span> <span class='ocrx_word' id='word_1_122' title='bbox 1273 2025 1573 2090; x_wconf 73' lang='lat' dir='ltr'>Scaevola</span> <span class='ocrx_word' id='word_1_123' title='bbox 1620 2025 2000 2110; x_wconf 89' lang='lat' dir='ltr'>Scauroque</span> <span class='ocrx_word' id='word_1_124' title='bbox 2063 2026 2345 2092; x_wconf 83' lang='lat' dir='ltr'>infirmis</span> <span class='ocrx_word' id='word_1_125' title='bbox 2410 2031 2612 2111; x_wconf 90' lang='lat' dir='ltr'>atque</span> <span class='ocrx_word' id='word_1_126' title='bbox 2661 2028 2932 2092; x_wconf 88' lang='lat' dir='ltr'>senibus</span> 
     </span>
     <span class='ocr_line' id='line_1_16' title="bbox 478 2141 2931 2227; baseline 0.001 -22"><span class='ocrx_word' id='word_1_127' title='bbox 478 2144 709 2206; x_wconf 91' lang='lat' dir='ltr'>contra</span> <span class='ocrx_word' id='word_1_128' title='bbox 741 2141 1176 2207; x_wconf 89' lang='lat' dir='ltr'>Saturninum</span> <span class='ocrx_word' id='word_1_129' title='bbox 1224 2142 1678 2227; x_wconf 86' lang='lat' dir='ltr'>pugnantibus</span> <span class='ocrx_word' id='word_1_130' title='bbox 1726 2142 2011 2227; x_wconf 91' lang='lat' dir='ltr'>perbene</span> <span class='ocrx_word' id='word_1_131' title='bbox 2043 2163 2271 2207; x_wconf 84' lang='lat' dir='ltr'>veram</span> <span class='ocrx_word' id='word_1_132' title='bbox 2320 2142 2747 2208; x_wconf 90' lang='lat' dir='ltr'>traditionem</span> <span class='ocrx_word' id='word_1_133' title='bbox 2795 2165 2931 2208; x_wconf 90' lang='lat' dir='ltr'>ser-</span> 
     </span>
     <span class='ocr_line' id='line_1_17' title="bbox 475 2256 2929 2343; baseline 0.001 -22"><span class='ocrx_word' id='word_1_134' title='bbox 475 2277 634 2321; x_wconf 87' lang='lat' dir='ltr'>vare</span> <span class='ocrx_word' id='word_1_135' title='bbox 681 2260 922 2342; x_wconf 90' lang='lat' dir='ltr'>potest.</span> <span class='ocrx_word' id='word_1_136' title='bbox 994 2259 1214 2343; x_wconf 90' lang='lat' dir='ltr'>Atque</span> <span class='ocrx_word' id='word_1_137' title='bbox 1263 2257 1586 2322; x_wconf 85' lang='lat' dir='ltr'>Scaurum</span> <span class='ocrx_word' id='word_1_138' title='bbox 1619 2256 1885 2343; x_wconf 88' lang='lat' dir='ltr'>quidem</span> <span class='ocrx_word' id='word_1_139' title='bbox 1919 2258 2257 2323; x_wconf 90' lang='lat' dir='ltr'>rhetorum</span> <span class='ocrx_word' id='word_1_140' title='bbox 2291 2280 2490 2340; x_wconf 91' lang='lat' dir='ltr'>more,</span> <span class='ocrx_word' id='word_1_141' title='bbox 2541 2258 2929 2341; x_wconf 63' lang='lat' dir='ltr'>Scaevolam,</span> 
     </span>
     <span class='ocr_line' id='line_1_18' title="bbox 477 2373 2927 2458; baseline 0.001 -22"><span class='ocrx_word' id='word_1_142' title='bbox 477 2393 761 2456; x_wconf 90' lang='lat' dir='ltr'>quocum</span> <span class='ocrx_word' id='word_1_143' title='bbox 805 2373 948 2458; x_wconf 90' lang='lat' dir='ltr'>ipse</span> <span class='ocrx_word' id='word_1_144' title='bbox 994 2373 1411 2439; x_wconf 85' lang='lat' dir='ltr'>familiariter</span> <span class='ocrx_word' id='word_1_145' title='bbox 1456 2378 1767 2439; x_wconf 86' lang='lat' dir='ltr'>versatus</span> <span class='ocrx_word' id='word_1_146' title='bbox 1817 2378 1938 2456; x_wconf 91' lang='lat' dir='ltr'>est,</span> <span class='ocrx_word' id='word_1_147' title='bbox 2004 2373 2111 2458; x_wconf 90' lang='lat' dir='ltr'>(de</span> <span class='ocrx_word' id='word_1_148' title='bbox 2159 2373 2282 2457; x_wconf 89' lang='lat' dir='ltr'>leg.</span> <span class='ocrx_word' id='word_1_149' title='bbox 2318 2375 2362 2456; x_wconf 95' lang='lat' dir='ltr'>I,</span> <span class='ocrx_word' id='word_1_150' title='bbox 2405 2376 2505 2457; x_wconf 84' lang='lat'>13,</span> <span class='ocrx_word' id='word_1_151' title='bbox 2555 2374 2740 2440; x_wconf 90' lang='lat' dir='ltr'>Brut.</span> <span class='ocrx_word' id='word_1_152' title='bbox 2777 2375 2927 2455; x_wconf 81' lang='lat'>306,</span> 
     </span>
     <span class='ocr_line' id='line_1_19' title="bbox 474 2487 2925 2577; baseline 0 -24"><span class='ocrx_word' id='word_1_153' title='bbox 474 2487 718 2555; x_wconf 86' lang='lat' dir='ltr'>Laelius</span> <span class='ocrx_word' id='word_1_154' title='bbox 756 2487 814 2577; x_wconf 88' lang='lat'>1)</span> <span class='ocrx_word' id='word_1_155' title='bbox 860 2488 1066 2555; x_wconf 86' lang='lat' dir='ltr'>talem</span> <span class='ocrx_word' id='word_1_156' title='bbox 1100 2487 1428 2573; x_wconf 90' lang='lat' dir='ltr'>describit,</span> <span class='ocrx_word' id='word_1_157' title='bbox 1472 2489 1688 2574; x_wconf 90' lang='lat' dir='ltr'>qualis</span> <span class='ocrx_word' id='word_1_158' title='bbox 1730 2490 1925 2556; x_wconf 89' lang='lat' dir='ltr'>annis</span> <span class='ocrx_word' id='word_1_159' title='bbox 1967 2492 2230 2555; x_wconf 79' lang='lat'>91-—89</span> <span class='ocrx_word' id='word_1_160' title='bbox 2263 2489 2515 2556; x_wconf 84' lang='lat' dir='ltr'>fuerat:</span> <span class='ocrx_word' id='word_1_161' title='bbox 2564 2490 2729 2556; x_wconf 91' lang='lat' dir='ltr'>Phil.</span> <span class='ocrx_word' id='word_1_162' title='bbox 2758 2490 2925 2572; x_wconf 92' lang='lat' dir='ltr'>VIII,</span> 
     </span>
     <span class='ocr_line' id='line_1_20' title="bbox 476 2605 2926 2691; baseline 0.001 -23"><span class='ocrx_word' id='word_1_163' title='bbox 476 2605 591 2669; x_wconf 85' lang='lat'>31:</span> <span class='ocrx_word' id='word_1_164' title='bbox 647 2626 752 2690; x_wconf 73' lang='lat' dir='ltr'>eqo</span> <span class='ocrx_word' id='word_1_165' title='bbox 810 2608 882 2688; x_wconf 80' lang='lat' dir='ltr'>Q.</span> <span class='ocrx_word' id='word_1_166' title='bbox 925 2607 1260 2673; x_wconf 79' lang='lat' dir='ltr'>Scoevolam</span> <span class='ocrx_word' id='word_1_167' title='bbox 1315 2629 1615 2691; x_wconf 63' lang='lat' dir='ltr'>amarem</span> <span class='ocrx_word' id='word_1_168' title='bbox 1670 2611 1968 2672; x_wconf 80' lang='lat' dir='ltr'>memoria</span> <span class='ocrx_word' id='word_1_169' title='bbox 2026 2613 2191 2672; x_wconf 75' lang='lat' dir='ltr'>teneo</span> <span class='ocrx_word' id='word_1_170' title='bbox 2249 2608 2397 2672; x_wconf 79' lang='lat' dir='ltr'>bello</span> <span class='ocrx_word' id='word_1_171' title='bbox 2444 2609 2741 2684; x_wconf 70' lang='lat' dir='ltr'>Mar-sice,</span> <span class='ocrx_word' id='word_1_172' title='bbox 2789 2629 2926 2672; x_wconf 73' lang='lat' dir='ltr'>eum</span> 
     </span>
     <span class='ocr_line' id='line_1_21' title="bbox 473 2724 2926 2807; baseline 0.001 -21"><span class='ocrx_word' id='word_1_173' title='bbox 473 2727 621 2787; x_wconf 79' lang='lat' dir='ltr'>esset</span> <span class='ocrx_word' id='word_1_174' title='bbox 674 2742 918 2788; x_wconf 79' lang='lat' dir='ltr'>summa</span> <span class='ocrx_word' id='word_1_175' title='bbox 969 2728 1266 2788; x_wconf 72' lang='lat' dir='ltr'>senectute</span> <span class='ocrx_word' id='word_1_176' title='bbox 1321 2729 1379 2788; x_wconf 77' lang='lat' dir='ltr'>et</span> <span class='ocrx_word' id='word_1_177' title='bbox 1422 2724 1677 2805; x_wconf 77' lang='lat' dir='ltr'>perdita</span> <span class='ocrx_word' id='word_1_178' title='bbox 1731 2724 2079 2788; x_wconf 77' lang='lat' dir='ltr'>valetudine</span> <span class='ocrx_word' id='word_1_179' title='bbox 2127 2744 2181 2787; x_wconf 90' lang='lat' dir='ltr'>e.</span> <span class='ocrx_word' id='word_1_180' title='bbox 2229 2744 2288 2807; x_wconf 90' lang='lat' dir='ltr'>q.</span> <span class='ocrx_word' id='word_1_181' title='bbox 2335 2745 2385 2787; x_wconf 87' lang='lat' dir='ltr'>S.</span> <span class='ocrx_word' id='word_1_182' title='bbox 2420 2774 2431 2787; x_wconf 92' lang='lat'><strong>.</strong></span> <span class='ocrx_word' id='word_1_183' title='bbox 2463 2773 2475 2788; x_wconf 91' lang='lat'><strong>.</strong></span> <span class='ocrx_word' id='word_1_184' title='bbox 2509 2774 2565 2788; x_wconf 87' lang='lat'>..</span> <span class='ocrx_word' id='word_1_185' title='bbox 2628 2744 2926 2805; x_wconf 77' lang='lat' dir='ltr'>senexque</span> 
     </span>
     <span class='ocr_line' id='line_1_22' title="bbox 472 2836 1703 2920; baseline -0.001 -17"><span class='ocrx_word' id='word_1_186' title='bbox 472 2836 682 2903; x_wconf 77' lang='lat' dir='ltr'>debilis</span> <span class='ocrx_word' id='word_1_187' title='bbox 714 2841 967 2920; x_wconf 75' lang='lat' dir='ltr'>primus</span> <span class='ocrx_word' id='word_1_188' title='bbox 1014 2838 1285 2903; x_wconf 79' lang='lat' dir='ltr'>veniebat</span> <span class='ocrx_word' id='word_1_189' title='bbox 1333 2843 1396 2903; x_wconf 78' lang='lat' dir='ltr'>in</span> <span class='ocrx_word' id='word_1_190' title='bbox 1445 2842 1703 2903; x_wconf 76' lang='lat' dir='ltr'>curiam.</span> 
     </span>
    </p>

    <p class='ocr_par' dir='ltr' id='par_1_3' title="bbox 463 2951 2925 4078">
     <span class='ocr_line' id='line_1_23' title="bbox 685 2951 2924 3037; baseline 0 -21"><span class='ocrx_word' id='word_1_191' title='bbox 685 2952 760 3016; x_wconf 90' lang='lat' dir='ltr'>In</span> <span class='ocrx_word' id='word_1_192' title='bbox 808 2973 908 3035; x_wconf 91' lang='lat' dir='ltr'>ea,</span> <span class='ocrx_word' id='word_1_193' title='bbox 958 2973 1106 3037; x_wconf 80' lang='lat' dir='ltr'>quae</span> <span class='ocrx_word' id='word_1_194' title='bbox 1162 2953 1482 3037; x_wconf 86' lang='lat' dir='ltr'>sequitur,</span> <span class='ocrx_word' id='word_1_195' title='bbox 1543 2952 1948 3018; x_wconf 90' lang='lat' dir='ltr'>narrationis</span> <span class='ocrx_word' id='word_1_196' title='bbox 2009 2957 2197 3037; x_wconf 91' lang='lat' dir='ltr'>parte</span> <span class='ocrx_word' id='word_1_197' title='bbox 2246 2953 2601 3017; x_wconf 87' lang='lat' dir='ltr'>veritatem</span> <span class='ocrx_word' id='word_1_198' title='bbox 2648 2954 2764 3017; x_wconf 86' lang='lat' dir='ltr'>vix</span> <span class='ocrx_word' id='word_1_199' title='bbox 2812 2951 2924 3017; x_wconf 92' lang='lat' dir='ltr'>de-</span> 
     </span>
     <span class='ocr_line' id='line_1_24' title="bbox 470 3066 2921 3155; baseline 0.001 -25"><span class='ocrx_word' id='word_1_200' title='bbox 470 3066 960 3152; x_wconf 88' lang='lat' dir='ltr'>prehendimus,</span> <span class='ocrx_word' id='word_1_201' title='bbox 1011 3088 1160 3132; x_wconf 91' lang='lat' dir='ltr'>eum</span> <span class='ocrx_word' id='word_1_202' title='bbox 1195 3089 1327 3132; x_wconf 87' lang='lat' dir='ltr'>uno</span> <span class='ocrx_word' id='word_1_203' title='bbox 1362 3071 1590 3132; x_wconf 90' lang='lat' dir='ltr'>tenore</span> <span class='ocrx_word' id='word_1_204' title='bbox 1624 3088 1854 3132; x_wconf 91' lang='lat' dir='ltr'>omnes</span> <span class='ocrx_word' id='word_1_205' title='bbox 1890 3068 2147 3151; x_wconf 90' lang='lat' dir='ltr'>equites</span> <span class='ocrx_word' id='word_1_206' title='bbox 2179 3068 2487 3149; x_wconf 87' lang='lat' dir='ltr'>Romani,</span> <span class='ocrx_word' id='word_1_207' title='bbox 2526 3069 2653 3152; x_wconf 76' lang='lat'><strong>(20.</strong></span> <span class='ocrx_word' id='word_1_208' title='bbox 2682 3070 2788 3133; x_wconf 77' lang='lat'>22.</span> <span class='ocrx_word' id='word_1_209' title='bbox 2815 3070 2921 3155; x_wconf 78' lang='lat'>27)</span> 
     </span>
     <span class='ocr_line' id='line_1_25' title="bbox 470 3182 2924 3268; baseline 0.001 -21"><span class='ocrx_word' id='word_1_210' title='bbox 470 3182 720 3247; x_wconf 91' lang='lat' dir='ltr'>tribuni</span> <span class='ocrx_word' id='word_1_211' title='bbox 769 3182 976 3265; x_wconf 83' lang='lat' dir='ltr'>aerari,</span> <span class='ocrx_word' id='word_1_212' title='bbox 1044 3186 1230 3247; x_wconf 88' lang='lat' dir='ltr'>totus</span> <span class='ocrx_word' id='word_1_213' title='bbox 1278 3204 1435 3265; x_wconf 91' lang='lat' dir='ltr'>ager</span> <span class='ocrx_word' id='word_1_214' title='bbox 1490 3182 1774 3247; x_wconf 92' lang='lat' dir='ltr'>Picenus</span> <span class='ocrx_word' id='word_1_215' title='bbox 1840 3205 1882 3248; x_wconf 92' lang='lat' dir='ltr'>a</span> <span class='ocrx_word' id='word_1_216' title='bbox 1934 3187 2212 3248; x_wconf 88' lang='lat' dir='ltr'>senatus</span> <span class='ocrx_word' id='word_1_217' title='bbox 2282 3183 2586 3268; x_wconf 90' lang='lat' dir='ltr'>partibus</span> <span class='ocrx_word' id='word_1_218' title='bbox 2657 3184 2924 3249; x_wconf 89' lang='lat' dir='ltr'>stetisse</span> 
     </span>
     <span class='ocr_line' id='line_1_26' title="bbox 471 3297 2925 3385; baseline 0.001 -24"><span class='ocrx_word' id='word_1_219' title='bbox 471 3297 794 3363; x_wconf 90' lang='lat' dir='ltr'>dicantur.</span> <span class='ocrx_word' id='word_1_220' title='bbox 890 3298 986 3362; x_wconf 93' lang='lat' dir='ltr'>De</span> <span class='ocrx_word' id='word_1_221' title='bbox 1035 3297 1301 3381; x_wconf 84' lang='lat' dir='ltr'>Equitio</span> <span class='ocrx_word' id='word_1_222' title='bbox 1350 3298 1455 3382; x_wconf 82' lang='lat' dir='ltr'>(cf.</span> <span class='ocrx_word' id='word_1_223' title='bbox 1493 3298 1662 3364; x_wconf 87' lang='lat' dir='ltr'>Sest.</span> <span class='ocrx_word' id='word_1_224' title='bbox 1703 3299 1851 3385; x_wconf 88' lang='grc'>101)</span> <span class='ocrx_word' id='word_1_225' title='bbox 1885 3300 2332 3384; x_wconf 85' lang='lat' dir='ltr'>contemptim</span> <span class='ocrx_word' id='word_1_226' title='bbox 2368 3300 2585 3364; x_wconf 86' lang='lat' dir='ltr'>Cicero</span> <span class='ocrx_word' id='word_1_227' title='bbox 2632 3299 2925 3383; x_wconf 88' lang='lat' dir='ltr'>loquitur</span> 
     </span>
     <span class='ocr_line' id='line_1_27' title="bbox 470 3413 2919 3501; baseline 0.001 -24"><span class='ocrx_word' id='word_1_228' title='bbox 470 3434 736 3478; x_wconf 86' lang='lat' dir='ltr'>servum</span> <span class='ocrx_word' id='word_1_229' title='bbox 785 3434 936 3478; x_wconf 88' lang='lat' dir='ltr'>eum</span> <span class='ocrx_word' id='word_1_230' title='bbox 985 3413 1328 3500; x_wconf 90' lang='lat' dir='ltr'>appellans</span> <span class='ocrx_word' id='word_1_231' title='bbox 1376 3421 1405 3499; x_wconf 90' lang='lat'><em>(</em></span> <span class='ocrx_word' id='word_1_232' title='bbox 1415 3438 1482 3501; x_wconf 92' lang='lat' dir='ltr'>„e</span> <span class='ocrx_word' id='word_1_233' title='bbox 1513 3415 1897 3497; x_wconf 73' lang='lat' dir='ltr'>compedibus</span> <span class='ocrx_word' id='word_1_234' title='bbox 1943 3421 1998 3479; x_wconf 78' lang='lat' dir='ltr'>et</span> <span class='ocrx_word' id='word_1_235' title='bbox 2044 3416 2393 3499; x_wconf 70' lang='lat' dir='ltr'>erqastul0“</span> <span class='ocrx_word' id='word_1_236' title='bbox 2437 3436 2588 3479; x_wconf 90' lang='lat' dir='ltr'>eum</span> <span class='ocrx_word' id='word_1_237' title='bbox 2634 3414 2919 3496; x_wconf 88' lang='lat' dir='ltr'>venisse,</span> 
     </span>
     <span class='ocr_line' id='line_1_28' title="bbox 467 3525 2923 3614; baseline 0 -21"><span class='ocrx_word' id='word_1_238' title='bbox 467 3550 581 3614; x_wconf 90' lang='lat' dir='ltr'>per</span> <span class='ocrx_word' id='word_1_239' title='bbox 626 3530 688 3593; x_wconf 81' lang='grc' dir='ltr'>ἓν</span> <span class='ocrx_word' id='word_1_240' title='bbox 719 3525 820 3595; x_wconf 80' lang='grc' dir='ltr'>διὰ</span> <span class='ocrx_word' id='word_1_241' title='bbox 851 3532 1011 3595; x_wconf 83' lang='grc' dir='ltr'>δυοῖν</span> <span class='ocrx_word' id='word_1_242' title='bbox 1059 3551 1326 3595; x_wconf 88' lang='lat' dir='ltr'>servum</span> <span class='ocrx_word' id='word_1_243' title='bbox 1372 3529 1644 3595; x_wconf 70' lang='lat' dir='ltr'>familiae</span> <span class='ocrx_word' id='word_1_244' title='bbox 1689 3530 1954 3594; x_wconf 70' lang='lat' dir='ltr'>rusticae</span> <span class='ocrx_word' id='word_1_245' title='bbox 2004 3529 2362 3614; x_wconf 84' lang='lat' dir='ltr'>significat)</span> <span class='ocrx_word' id='word_1_246' title='bbox 2407 3529 2923 3614; x_wconf 89' lang='lat' dir='ltr'>obloquentibus</span> 
     </span>
     <span class='ocr_line' id='line_1_29' title="bbox 468 3644 2923 3732; baseline 0 -23"><span class='ocrx_word' id='word_1_247' title='bbox 468 3644 702 3709; x_wconf 90' lang='lat' dir='ltr'>ceteris</span> <span class='ocrx_word' id='word_1_248' title='bbox 762 3644 1051 3710; x_wconf 86' lang='lat' dir='ltr'>testibus</span> <span class='ocrx_word' id='word_1_249' title='bbox 1115 3645 1216 3732; x_wconf 86' lang='lat' dir='ltr'>(cf.</span> <span class='ocrx_word' id='word_1_250' title='bbox 1266 3646 1442 3710; x_wconf 82' lang='lat' dir='ltr'>infra</span> <span class='ocrx_word' id='word_1_251' title='bbox 1486 3646 1594 3727; x_wconf 96' lang='lat' dir='ltr'>III,</span> <span class='ocrx_word' id='word_1_252' title='bbox 1648 3645 1728 3732; x_wconf 89' lang='lat'>1).</span> <span class='ocrx_word' id='word_1_253' title='bbox 1838 3645 1962 3709; x_wconf 90' lang='lat' dir='ltr'>Per</span> <span class='ocrx_word' id='word_1_254' title='bbox 2024 3644 2362 3709; x_wconf 89' lang='lat' dir='ltr'>silentium</span> <span class='ocrx_word' id='word_1_255' title='bbox 2424 3648 2652 3709; x_wconf 90' lang='lat' dir='ltr'>autem</span> <span class='ocrx_word' id='word_1_256' title='bbox 2697 3645 2923 3710; x_wconf 88' lang='lat' dir='ltr'>Valeri</span> 
     </span>
     <span class='ocr_line' id='line_1_30' title="bbox 466 3758 2922 3847; baseline 0.002 -25"><span class='ocrx_word' id='word_1_257' title='bbox 466 3758 683 3823; x_wconf 89' lang='lat' dir='ltr'>Flacci</span> <span class='ocrx_word' id='word_1_258' title='bbox 732 3759 1022 3824; x_wconf 89' lang='lat' dir='ltr'>consulis</span> <span class='ocrx_word' id='word_1_259' title='bbox 1068 3759 1357 3825; x_wconf 91' lang='lat' dir='ltr'>indolem</span> <span class='ocrx_word' id='word_1_260' title='bbox 1405 3761 1747 3847; x_wconf 85' lang='lat' dir='ltr'>patefacit,</span> <span class='ocrx_word' id='word_1_261' title='bbox 1815 3783 1964 3826; x_wconf 90' lang='lat' dir='ltr'>cum</span> <span class='ocrx_word' id='word_1_262' title='bbox 2025 3782 2163 3825; x_wconf 90' lang='lat' dir='ltr'>una</span> <span class='ocrx_word' id='word_1_263' title='bbox 2216 3761 2618 3846; x_wconf 70' lang='lat' dir='ltr'>„d2&#39;l2[qercti(e“</span> <span class='ocrx_word' id='word_1_264' title='bbox 2670 3761 2922 3827; x_wconf 83' lang='lat' dir='ltr'>virtute</span> 
     </span>
     <span class='ocr_line' id='line_1_31' title="bbox 466 3874 2917 3960; baseline 0.002 -22"><span class='ocrx_word' id='word_1_265' title='bbox 466 3895 617 3938; x_wconf 91' lang='lat' dir='ltr'>eum</span> <span class='ocrx_word' id='word_1_266' title='bbox 681 3896 925 3939; x_wconf 92' lang='lat' dir='ltr'>ornans</span> <span class='ocrx_word' id='word_1_267' title='bbox 989 3874 1354 3941; x_wconf 87' lang='lat' dir='ltr'>debilitatis</span> <span class='ocrx_word' id='word_1_268' title='bbox 1419 3877 1661 3941; x_wconf 90' lang='lat' dir='ltr'>crimen</span> <span class='ocrx_word' id='word_1_269' title='bbox 1719 3877 1824 3960; x_wconf 81' lang='lat' dir='ltr'>(cf.</span> <span class='ocrx_word' id='word_1_270' title='bbox 1857 3875 2186 3941; x_wconf 88' lang='lat' dir='ltr'>Rutilium</span> <span class='ocrx_word' id='word_1_271' title='bbox 2233 3875 2484 3940; x_wconf 86' lang='lat' dir='ltr'>Rufum</span> <span class='ocrx_word' id='word_1_272' title='bbox 2531 3877 2705 3941; x_wconf 88' lang='lat' dir='ltr'>Plut.</span> <span class='ocrx_word' id='word_1_273' title='bbox 2756 3878 2917 3942; x_wconf 90' lang='lat' dir='ltr'>Mar.</span> 
     </span>
     <span class='ocr_line' id='line_1_32' title="bbox 463 3988 2921 4078; baseline 0.002 -25"><span class='ocrx_word' id='word_1_274' title='bbox 463 3988 758 4072; x_wconf 89' lang='lat' dir='ltr'>XXVIII,</span> <span class='ocrx_word' id='word_1_275' title='bbox 794 4013 855 4075; x_wconf 90' lang='lat' dir='ltr'>p.</span> <span class='ocrx_word' id='word_1_276' title='bbox 885 3992 1033 4073; x_wconf 83' lang='lat'>360,</span> <span class='ocrx_word' id='word_1_277' title='bbox 1067 3992 1169 4078; x_wconf 84' lang='lat'>18)</span> <span class='ocrx_word' id='word_1_278' title='bbox 1210 3991 1383 4055; x_wconf 90' lang='lat' dir='ltr'>male</span> <span class='ocrx_word' id='word_1_279' title='bbox 1417 3995 1622 4075; x_wconf 86' lang='lat' dir='ltr'>tegat.</span> <span class='ocrx_word' id='word_1_280' title='bbox 1694 3992 1839 4056; x_wconf 91' lang='lat' dir='ltr'>Nisi</span> <span class='ocrx_word' id='word_1_281' title='bbox 1874 3991 2050 4077; x_wconf 90' lang='lat' dir='ltr'>quod</span> <span class='ocrx_word' id='word_1_282' title='bbox 2081 3993 2417 4057; x_wconf 87' lang='lat' dir='ltr'>Antonius</span> <span class='ocrx_word' id='word_1_283' title='bbox 2449 4015 2586 4058; x_wconf 77' lang='lat' dir='ltr'>cum</span> <span class='ocrx_word' id='word_1_284' title='bbox 2618 3996 2921 4075; x_wconf 71' lang='lat' dir='ltr'>prsesidio</span> 
     </span>
    </p>
   </div>
   <div class='ocr_carea' id='block_1_3' title="bbox 464 4133 892 4142">
    <p class='ocr_par' dir='ltr' id='par_1_4' title="bbox 464 4133 892 4142">
     <span class='ocr_line' id='line_1_33' title="bbox 464 4133 892 4142; baseline 0 927"><span class='ocrx_word' id='word_1_285' title='bbox 464 4133 892 4142; x_wconf 95' lang='lat' dir='ltr'> </span> 
     </span>
    </p>
   </div>
   <div class='ocr_carea' id='block_1_4' title="bbox 459 4200 2919 4522">
    <p class='ocr_par' dir='ltr' id='par_1_5' title="bbox 459 4200 2919 4522">
     <span class='ocr_line' id='line_1_34' title="bbox 680 4200 2919 4272; baseline 0.002 -19"><span class='ocrx_word' id='word_1_286' title='bbox 680 4200 719 4269; x_wconf 88' lang='lat'>¹)</span> <span class='ocrx_word' id='word_1_287' title='bbox 757 4203 1150 4269; x_wconf 86' lang='lat' dir='ltr'>Argumentum</span> <span class='ocrx_word' id='word_1_288' title='bbox 1177 4204 1505 4256; x_wconf 86' lang='lat' dir='ltr'>contrarium</span> <span class='ocrx_word' id='word_1_289' title='bbox 1533 4220 1559 4255; x_wconf 92' lang='lat' dir='ltr'>e</span> <span class='ocrx_word' id='word_1_290' title='bbox 1588 4204 1859 4258; x_wconf 84' lang='lat' dir='ltr'>Ciceronis</span> <span class='ocrx_word' id='word_1_291' title='bbox 1887 4206 2100 4257; x_wconf 84' lang='lat' dir='ltr'>silentio</span> <span class='ocrx_word' id='word_1_292' title='bbox 2128 4212 2309 4271; x_wconf 85' lang='lat' dir='ltr'>petere</span> <span class='ocrx_word' id='word_1_293' title='bbox 2338 4221 2447 4257; x_wconf 92' lang='lat' dir='ltr'>non</span> <span class='ocrx_word' id='word_1_294' title='bbox 2486 4207 2625 4272; x_wconf 89' lang='lat' dir='ltr'>licet,</span> <span class='ocrx_word' id='word_1_295' title='bbox 2667 4207 2919 4272; x_wconf 86' lang='lat' dir='ltr'>quoniam</span> 
     </span>
     <span class='ocr_line' id='line_1_35' title="bbox 464 4290 2919 4363; baseline 0.002 -24"><span class='ocrx_word' id='word_1_296' title='bbox 464 4290 623 4341; x_wconf 86' lang='lat' dir='ltr'>etiam</span> <span class='ocrx_word' id='word_1_297' title='bbox 665 4292 708 4342; x_wconf 86' lang='lat' dir='ltr'>si</span> <span class='ocrx_word' id='word_1_298' title='bbox 747 4291 888 4342; x_wconf 91' lang='lat' dir='ltr'>idem</span> <span class='ocrx_word' id='word_1_299' title='bbox 926 4291 1070 4358; x_wconf 87' lang='lat' dir='ltr'>apud</span> <span class='ocrx_word' id='word_1_300' title='bbox 1111 4308 1231 4344; x_wconf 90' lang='lat' dir='ltr'>eum</span> <span class='ocrx_word' id='word_1_301' title='bbox 1271 4292 1665 4358; x_wconf 86' lang='lat' dir='ltr'>inveniebatur,</span> <span class='ocrx_word' id='word_1_302' title='bbox 1705 4294 1759 4345; x_wconf 92' lang='lat' dir='ltr'>in</span> <span class='ocrx_word' id='word_1_303' title='bbox 1801 4294 1995 4346; x_wconf 85' lang='lat' dir='ltr'>lacuna</span> <span class='ocrx_word' id='word_1_304' title='bbox 2021 4301 2149 4346; x_wconf 87' lang='lat' dir='ltr'>ante</span> <span class='ocrx_word' id='word_1_305' title='bbox 2178 4295 2206 4363; x_wconf 62' lang='grc' dir='ltr'>ξ</span> <span class='ocrx_word' id='word_1_306' title='bbox 2234 4293 2301 4346; x_wconf 79' lang='lat'>20</span> <span class='ocrx_word' id='word_1_307' title='bbox 2329 4294 2555 4362; x_wconf 82' lang='lat' dir='ltr'>excidit3</span> <span class='ocrx_word' id='word_1_308' title='bbox 2596 4311 2919 4361; x_wconf 85' lang='lat' dir='ltr'>quamquam</span> 
     </span>
     <span class='ocr_line' id='line_1_36' title="bbox 459 4376 2918 4451; baseline 0.002 -21"><span class='ocrx_word' id='word_1_309' title='bbox 459 4376 690 4431; x_wconf 84' lang='lat' dir='ltr'>fortasse</span> <span class='ocrx_word' id='word_1_310' title='bbox 731 4396 836 4433; x_wconf 89' lang='lat' dir='ltr'>non</span> <span class='ocrx_word' id='word_1_311' title='bbox 878 4381 1076 4433; x_wconf 88' lang='lat' dir='ltr'>iniuria</span> <span class='ocrx_word' id='word_1_312' title='bbox 1113 4382 1307 4447; x_wconf 83' lang='lat' dir='ltr'>aliquis</span> <span class='ocrx_word' id='word_1_313' title='bbox 1346 4381 1544 4433; x_wconf 84' lang='lat' dir='ltr'>dixerit</span> <span class='ocrx_word' id='word_1_314' title='bbox 1583 4382 1636 4432; x_wconf 90' lang='lat' dir='ltr'>in</span> <span class='ocrx_word' id='word_1_315' title='bbox 1678 4382 1707 4451; x_wconf 61' lang='grc' dir='ltr'>ξ</span> <span class='ocrx_word' id='word_1_316' title='bbox 1746 4382 1811 4435; x_wconf 80' lang='grc'>21</span> <span class='ocrx_word' id='word_1_317' title='bbox 1852 4383 1925 4435; x_wconf 92' lang='grc' dir='ltr'>Μ.</span> <span class='ocrx_word' id='word_1_318' title='bbox 1955 4385 2245 4436; x_wconf 91' lang='lat' dir='ltr'>Aemilium</span> <span class='ocrx_word' id='word_1_319' title='bbox 2273 4385 2348 4436; x_wconf 86' lang='lat' dir='ltr'>ita</span> <span class='ocrx_word' id='word_1_320' title='bbox 2374 4384 2573 4451; x_wconf 86' lang='lat' dir='ltr'>induci,</span> <span class='ocrx_word' id='word_1_321' title='bbox 2613 4391 2672 4435; x_wconf 86' lang='lat' dir='ltr'>ut</span> <span class='ocrx_word' id='word_1_322' title='bbox 2698 4386 2785 4435; x_wconf 89' lang='lat' dir='ltr'>vix</span> <span class='ocrx_word' id='word_1_323' title='bbox 2812 4386 2918 4435; x_wconf 90' lang='lat' dir='ltr'>iam</span> 
     </span>
     <span class='ocr_line' id='line_1_37' title="bbox 460 4470 1089 4522; baseline 0.005 -3"><span class='ocrx_word' id='word_1_324' title='bbox 460 4474 620 4519; x_wconf 87' lang='lat' dir='ltr'>antea</span> <span class='ocrx_word' id='word_1_325' title='bbox 661 4470 968 4522; x_wconf 83' lang='lat' dir='ltr'>nominatus</span> <span class='ocrx_word' id='word_1_326' title='bbox 1008 4471 1089 4522; x_wconf 85' lang='lat' dir='ltr'>sit.</span> 
     </span>
    </p>
   </div>
  </div>
 </body>
</html>
