3485 5069
1566 342 1925 394 -94—

519 520 871 587 seditiosos
919 540 1054 585 non
1102 518 1419 599 servavit,
1467 517 1672 583 fidem
1718 517 2004 583 violavit
2043 516 2191 596 (Cic.
2224 518 2394 584 Rab.
2428 520 2513 584 28
2554 519 2635 584 cf.
2667 540 2771 605 pg.
2808 522 2847 585 9
2876 541 2971 605 sq.

520 639 695 702 auct.
716 635 796 700 de
808 636 928 701 vir.
948 635 1037 700 ill.
1061 634 1432 723 73),invit0,
1450 655 1584 699 non
1609 634 1978 720 imperante
1996 655 2071 699 eo
2099 634 2294 699 occisi
2320 638 2495 700 sunt:
2517 634 2693 719 quod
2705 634 2975 702 Orosius

521 754 590 817 et
620 751 1020 816 Plutarchus
1054 750 1384 837 expressis
1415 750 1638 815 verbis
1669 752 2031 832 testantur,
2080 750 2140 814 si
2179 753 2449 815 tantum
2479 749 2639 816 fidei
2671 752 2974 837 Appiano

519 866 903 933 habendum
973 888 1120 932 esse
1188 866 1487 949 negabis.
1580 865 1918 931 Interfecti
1981 865 2232 930 tribuni
2279 864 2540 951 culpam
2599 867 2671 931 in
2719 867 2975 951 equites

522 982 793 1049 Orosius
840 982 1193 1065 transfert3
1241 980 1419 1067 quod
1448 981 1680 1046 Rabiri
1725 974 1993 1046 nomine
2043 980 2191 1068 (Cic.
2226 1002 2341 1067 pro
2372 980 2541 1047 Rab.
2576 981 2685 1068 31)
2736 983 2975 1047 confir-

524 1102 765 1181 matur,
807 1119 958 1163 cum
996 1096 1076 1162 de
1125 1097 1196 1177 Q.
1233 1096 1533 1180 Crotone,
1588 1097 1776 1162 cuius
1825 1095 2071 1162 ordinis
2118 1096 2339 1178 fuerit,
2389 1100 2798 1183 compertum
2842 1119 2978 1163 non

523 1215 916 1280 habeamus.
988 1212 1350 1279 Diiudicari
1396 1216 1625 1278 autem
1670 1213 1922 1297 nequit,
1972 1215 2197 1278 utrum
2245 1212 2423 1298 apud
2454 1211 2757 1279 Orosium
2803 1214 2977 1279 veri-

523 1333 736 1396 tatem
799 1328 1388 1415 deprehendamuS,
1464 1350 1552 1394 an
1615 1329 1973 1415 optimates
2036 1329 2372 1413 equitibus
2431 1328 2754 1395 invidiam
2815 1328 2981 1395 facti

526 1445 979 1531 imposuerint.

739 1561 970 1647 Neque
1025 1582 1108 1626 ex
1154 1582 1252 1642 eo,
1322 1559 1500 1646 quod
1554 1559 1625 1640 Q.
1677 1559 1978 1625 Crotonis
2041 1581 2231 1625 servo
2293 1560 2567 1625 libertas
2631 1558 2794 1625 data
2855 1562 2976 1641 est,

532 1678 888 1763 quicquam
962 1676 1041 1742 de
1101 1676 1309 1742 Mario
1394 1675 1590 1741 caedis
1669 1680 1940 1741 auctore
2013 1676 2362 1761 probatur:
2431 1696 2589 1740 nam
2649 1676 2853 1741 etiam
2924 1675 2982 1740 si

527 1794 895 1859 orationem
961 1792 1277 1858 Hortensi
1346 1795 1742 1874 teneremus,
1817 1790 2288 1856 dubiosissima
2355 1790 2667 1857 habenda
2736 1793 2980 1870 essent,
3077 1868 3084 1873 p

528 1930 677 1994 quae
734 1907 813 1974 de
859 1909 1001 1975 viro
1064 1907 1472 1991 iamdudum,
1524 1911 1602 1973 ut
1656 1907 1941 1989 videtur,
2004 1911 2265 1973 mortuo
2315 1906 2734 1993 disputabat3
2781 1928 2979 1989 nuno,

529 2045 680 2089 cum
740 2045 823 2088 ex
870 2002 1196 2089 Ciceronis
1259 2022 1643 2088 defensione
1705 2022 1922 2088 solum
1985 2021 2065 2087 de
2114 2044 2194 2087 ea
2240 2044 2308 2088 re
2357 2023 2666 2105 sciamus,
2714 2043 2981 2108 prorsus

529 2161 610 2205 ea
656 2140 758 2204 uti
803 2160 938 2205 non
983 2139 1156 2204 licet.
1229 2138 1502 2222 Deinde,
1567 2139 1624 2204 si
1685 2138 1899 2204 edicto
1964 2138 2296 2204 consulari
2342 2139 2421 2221 ei,
2471 2138 2585 2223 qui
2632 2137 2982 2203 seditiosos

530 2254 897 2337 occidisset,
931 2256 1274 2341 praemium
1299 2255 1696 2341 promissum
1729 2259 1927 2337 esset,
1962 2275 2095 2319 non
2123 2254 2338 2320 solum
2364 2254 2593 2336 serviS,
2628 2253 2747 2319 sed
2778 2253 2984 2319 etiam

528 2371 752 2437 liberis
800 2374 1004 2435 antea
1053 2371 1494 2436 constitutum
1543 2374 1723 2436 esset
1745 2371 1809 2458 ¹),
1859 2370 2036 2455 quod
2083 2373 2289 2453 negat
2335 2369 2461 2436 Cic.
2505 2391 2619 2455 pro
2666 2369 2836 2435 Rab.
2871 2369 2982 2433 31:

529 2489 693 2570 quod
737 2490 924 2569 equiti
968 2485 1258 2553 Romano
1293 2491 1630 2569 praemium
1676 2489 1824 2553 dari
1855 2509 1989 2570 par
2013 2484 2293 2568 fuisset?
2357 2484 2720 2551 Commisso
2756 2487 2984 2551 autem

531 2587 743 2669 semel*
784 2602 1051 2668 crimine
1100 2603 1306 2668 etiam
1350 2602 1564 2668 invito
1611 2603 1821 2668 Mario
1868 2603 2015 2668 fieri
2061 2604 2300 2689 potuit,
2360 2605 2438 2667 ut
2485 2605 2761 2667 senatus
2810 2601 2986 2666 servi

530 2718 972 2785 interfectoris
1020 2718 1615 2784 manumissionem
1664 2718 2061 2784 decerneret.
2702 2768 2707 2773 .

745 2834 1089 2900 Saturnini
1123 2834 1357 2899 domus
1392 2834 1530 2900 solo
1552 2837 1836 2920 'aequata
1867 2837 1973 2899 est
2005 2833 2176 2921 (Val.
2202 2834 2380 2899 Max.
2412 2831 2516 2916 VI,
2552 2835 2613 2917 2,
2645 2833 2724 2919 1).
2775 2831 2985 2915 Leges

532 2951 694 3033 eius,
744 2950 920 3036 quod
967 2972 1081 3036 per
1126 2951 1264 3015 vim
1312 2953 1381 3015 et
1427 2955 1658 3015 contra
1705 2950 2005 3036 auspicia
2049 2953 2300 3032 rogatae
2349 2951 2593 3032 essent,
2649 2952 2728 3013 ut
2774 2970 2809 3013 e
2857 2947 2983 3012 cic.

530 3088 645 3153 pro
714 3066 903 3132 Balb.
961 3068 1047 3132 48
1119 3065 1222 3152 (cf.
1282 3065 1361 3132 de
1429 3066 1554 3149 leg.
1603 3065 1709 3149 III,
1763 3068 1822 3149 6,
1875 3066 1977 3153 14)
2050 3068 2345 3151 apparet,
2418 3065 2757 3147 abrogatae
2827 3066 2988 3129 sunt

533 3182 921 3268 (Mommsen
971 3182 1326 3264 St.-R.111,
1378 3183 1526 3265 367,
1555 3182 1639 3268 2).

597 3450 678 3541 6.
749 3449 884 3541 De
955 3449 1304 3557 ultione,
1375 3475 1637 3567 quam
1708 3477 1755 3539 a
1825 3446 2395 3565 popularibus
2463 3451 2925 3563 optimates

1547 3614 1995 3726 petierunt.

750 3803 976 3869 Occiso
1026 3803 1387 3868 Saturnino
1434 3824 1569 3868 non
1615 3804 1869 3868 minore
1912 3800 2302 3867 crudelitate
2333 3801 2404 3865 in
2436 3801 2649 3866 socios
2682 3800 2989 3865 aemulos-

539 3941 665 4005 que
700 3920 842 3985 eius
874 3918 1192 3984 nobilitas
1219 3919 1562 3984 saeviebat.
1614 3916 1995 3983 Secundum
2020 3916 2324 3981 Orosium
2356 3916 2427 3981 P.
2455 3915 2693 3980 Furius
2725 3915 2988 4001 trib.'pl.
3058 3998 3061 4001 ἢ

535 4036 948 4119 rogationem
1002 4035 1177 4118 tulit,
1227 4038 1306 4100 ut
1352 4056 1598 4117 eorum,
1649 4035 1764 4119 qui
1812 4037 2044 4099 contra
2089 4053 2227 4096 rem
2273 4032 2608 4118 publicam
2653 4030 2989 4112 fecissent,

757 4206 799 4273 ¹)
837 4206 922 4257 Ita
959 4221 1102 4257 anno
1142 4205 1273 4258 121:
1311 4204 1451 4257 Vell.
1479 4204 1549 4271 ΙΙ,
1577 4205 1627 4270 6,
1653 4205 1713 4272 43
1752 4204 1893 4256 Plut.
1918 4203 1975 4256 C.
1999 4201 2225 4255 Gracch.
2255 4201 2347 4268 173
2387 4200 2758 4265 Kornemann,
2798 4198 2989 4251 Gesch.

537 4296 586 4348 d.
611 4296 723 4364 Gn,
763 4295 970 4362 pg.16;
1008 4310 1153 4346 anno
1190 4295 1284 4349 89:
1324 4295 1465 4361 App.
1487 4294 1529 4360 Ι,
1567 4294 1655 4361 54,
1694 4292 1815 4345 239.
1861 4322 1920 4329 --
1961 4293 2121 4343 Anno
2159 4291 2228 4344 88
2266 4297 2385 4357 post
2432 4296 2650 4341 senatus
2691 4289 2993 4340 consultum

538 4385 774 4439 edictum
813 4384 998 4437 datum
1036 4391 1132 4436 est.
1190 4383 1307 4449 Qua
1333 4383 1401 4435 de
1427 4398 1592 4435 causa
1630 4389 1684 4435 et
1720 4398 1754 4434 a
1792 4388 2032 4434 senatu
2070 4379 2240 4446 (Flor.
2260 4380 2331 4448 ΙΙ,
2350 4379 2401 4446 9,
2422 4379 2455 4431 8
2480 4378 2599 4430 Per.
2624 4379 2691 4432 77
2717 4376 2874 4444 Amp.
2897 4376 2992 4445 423

537 4474 654 4527 Val.
684 4474 828 4527 MaX.
856 4474 900 4541 Ι,
937 4474 989 4540 5,
1014 4475 1078 4542 53
1116 4473 1214 4539 III,
1251 4473 1306 4539 8,
1329 4474 1393 4539 53
1431 4471 1579 4539 VIII,
1618 4471 1668 4538 2,
1695 4472 1759 4539 33
1798 4471 1939 4522 Plut.
1969 4469 2120 4521 Sulla
2161 4467 2258 4536 103
2298 4468 2505 4521 Marius
2541 4468 2643 4535 403
2694 4466 2993 4519 Mommsen
