3485 5069
1562 377 1914 431 -81-

511 566 865 633 iurandum
910 586 1047 630 non
1078 562 1476 651 praestiterit.
1549 560 1736 640 Quod
1768 557 2182 645 probandum
2232 561 2353 640 est,
2388 578 2522 622 non
2555 557 2771 622 solum
2804 557 2961 640 quia

512 705 593 749 ex
642 687 890 749 eventu
936 681 1135 747 inseri
1182 701 1315 745 non
1346 679 1584 765 potuit,
1635 675 1752 741 sed
1790 677 2014 758 etiam,
2049 674 2208 759 quia
2240 695 2390 740 cum
2422 673 2766 739 sanctione
2796 673 2959 757 legis

510 800 836 882 Bantinae,
909 820 1076 883 quae,
1149 817 1297 861 cum
1346 797 1547 859 aetate
1609 793 1697 858 sit
1758 792 2131 873 coniuncta,
2196 788 2464 855 easdem
2531 788 2667 854 fere
2727 811 2958 875 poenas

465 930 473 935 “
511 916 754 982 statuit
773 916 835 1003 ¹),
884 914 1127 1001 partim
1175 911 1578 998 consentit.²)
1649 908 1977 989 Quoniam
2023 928 2179 972 vero
2213 907 2283 971 in
2315 906 2490 971 solos
2523 905 2958 988 magistratus

508 1032 651 1116 lege
685 1030 977 1096 Bantina
1023 1028 1237 1093 multa
1285 1027 1608 1092 statuitur
1654 1025 1894 1111 etipse
1927 1024 2292 1110 AppianUS,
2342 1023 2459 1089 ubi
2505 1021 2584 1087 de
2634 1022 2960 1107 exigenda

509 1169 706 1236 poena
737 1147 945 1212 verba
975 1144 1139 1210 facit
1171 1144 1238 1230 (Ι,
1274 1141 1315 1230 ξ
1352 1141 1520 1229 138),
1553 1141 1834 1228 priorem
1868 1144 2137 1207 tantum
2167 1162 2433 1226 poenam
2466 1141 2955 1222 commemorat,

509 1265 901 1350 scriptorum
947 1260 1366 1344 neglegentia
1420 1280 1715 1345 poenaS,
1768 1257 1951 1324 olim
1998 1257 2208 1322 sicut
2253 1256 2332 1321 in
2386 1256 2555 1340 lege
2612 1256 2958 1324 Bantina

507 1381 716 1445 inter
773 1378 1298 1461 magistratus
1361 1378 1438 1440 et
1498 1378 1914 1440 senatores
1971 1372 2433 1456 distinctae,
2498 1377 2956 1439 contractas

509 1517 682 1561 esse
744 1515 1044 1560 censeo,
1158 1492 1411 1572 Quibus
1479 1490 1808 1577 probatiS,
1874 1488 2201 1574 quomodo
2262 1510 2367 1554 res
2428 1490 2815 1574 acciderint,
2885 1492 2957 1556 in

508 1614 735 1697 aperto
785 1613 906 1676 est.

721 1725 909 1806 Quod
968 1724 1169 1807 igitur
1225 1745 1425 1810 supra
1469 1723 1912 1806 negleximuS,
1976 1725 2234 1807 quanta
2294 1723 2384 1788 sit
2427 1722 2633 1789 fontis
2679 1747 2724 1789 x
2782 1724 2953 1792 fides

504 1842 574 1905 in
634 1839 1259 1911 narrando,Metelli
1313 1839 1528 1921 exili0,
1593 1860 1772 1903 nunc
1818 1838 2269 1925 inspiciamus
2365 1840 2490 1920 Qui
2547 1840 2689 1906 haec
2747 1840 2956 1907 tradit

508 1957 630 2044 (pg.
652 1958 736 2021 32
749 1956 894 2043 sq.):
921 1956 1204 2021 Marium
1237 1959 1506 2021 secutus
1531 1954 1837 2020 Metellus
1865 1976 2010 2020 sese
2034 1955 2497 2021 iusiurandum
2517 1979 2653 2022 non
2675 1960 2951 2043 praesta—

504 2076 730 2138 turum
775 2073 845 2136 in
894 2076 1134 2137 senatu
1182 2070 1349 2137 dixit
1393 2091 1627 2156 neque,
1679 2093 1830 2136 cum
1877 2073 2109 2159 quinto
2150 2071 2253 2137 die
2286 2073 2554 2157 Marius,
2604 2077 2952 2158 tamquam

503 2188 819 2274 populum
866 2187 1148 2269 timeret,
1204 2186 1334 2270 legi
1382 2187 1887 2273 obtemperaret,
1938 2187 2017 2254 de
2066 2189 2403 2255 sententia
2451 2189 2948 2275 demovebatur,

504 2304 621 2370 sed
677 2303 824 2369 dolo
884 2326 925 2368 a
970 2303 1176 2368 Mario
1233 2303 1374 2368 viro
1425 2303 1721 2389 improbo
1786 2308 2042 2390 captus,
2106 2307 2265 2389 quia
2307 2328 2573 2392 poenam
2620 2310 2950 2394 suscipere

501 2419 793 2502 nolebat,
845 2418 1204 2484 Saturnino
1253 2423 1612 2485 accusante
1653 2442 1687 2484 e
1733 2421 1954 2506 patria
2002 2423 2219 2488 cessit.
2317 2423 2477 2503 Quae
2523 2427 2818 2492 narratio
2867 2425 2953 2493 ad

500 2534 667 2600 Mari
714 2534 1262 2601 detrectationem
1310 2557 1379 2601 se
1429 2538 1865 2623 compositam
1913 2560 2058 2604 esse
2105 2540 2253 2626 ipsa
2300 2544 2620 2607 testatur:

719 2654 774 2716 1.
824 2651 1072 2716 Iniuria
1146 2651 1269 2717 soli
1341 2652 1546 2717 Mario
1621 2654 2077 2721 inconstantia
2154 2656 2407 2721 crimini
2482 2656 2710 2743 datur,
2793 2661 2952 2744 quia

498 2768 684 2831 totus
711 2770 1007 2849 senatuS,
1036 2768 1317 2852 primum
1351 2789 1499 2833 cum
1523 2768 1787 2835 Metello
1813 2770 2069 2855 fecisse,
2099 2771 2332 2837 deinde
2357 2774 2786 2841 nihilominus
2811 2777 2950 2841 ius-

497 2880 851 2945 iurandum
897 2883 1287 2968 praestitisse
1336 2882 1591 2949 dicitur.

712 2997 771 3061 2.
823 2996 912 3079 Si,
963 2998 1139 3081 quod
1186 2998 1318 3064 doli
1365 3001 1764 3083 excogitatio
1813 3003 2132 3088 postulat,
2182 3005 2431 3073 Marius
2480 3009 2753 3092 sciebat,
2809 3011 2947 3075 Me-

497 3109 729 3175 tellum
790 3133 833 3176 a
891 3113 1051 3178 iuris
1114 3114 1579 3181 observatione
1643 3119 2068 3185 severissima
2121 3143 2488 3209 numquam
2535 3148 2949 3193 recessurum

498 3246 663 3308 esse,
737 3227 1003 3293 omnino
1074 3231 1356 3297 artificio
1419 3253 1550 3297 non
1613 3255 1779 3320 opus
1841 3239 2003 3319 erat,
2068 3237 2185 3302 sed
2240 3239 2309 3304 in
2370 3239 2582 3324 legem
2641 3264 2754 3328 per
2811 3245 2948 3310 vim

495 3344 799 3424 rogatam
847 3364 998 3407 eum
1046 3366 1180 3409 non
1225 3346 1599 3413 iuraturum
1650 3351 2020 3418 coniectare
2066 3358 2348 3439 poterat.

709 3457 930 3523 Etiam
962 3458 1249 3526 formula
1270 3461 1434 3548 εἴπερ
1476 3489 1535 3529 κ.
1561 3488 1617 3530 τ.
1641 3469 1716 3548 λ.,
1754 3488 1889 3551 qua
1912 3468 2375 3537 iusiurandum
2400 3473 2650 3539 Marius
2677 3475 2942 3542 circum-

496 3571 834 3658 scripsisse
868 3572 1123 3658 dicitur,
1180 3577 1433 3643 nullam
1480 3580 1688 3647 habet
1734 3583 1802 3647 in
1837 3605 1907 3648 se
1940 3586 2248 3652 veritatis
2282 3590 2942 3660 commendationem.

492 3686 590 3751 Re
622 3709 783 3753 vera
815 3690 991 3755 enim
1025 3691 1267 3776 effecit,
1303 3698 1383 3760 ut
1413 3700 1593 3762 certa
1625 3697 2000 3766 conditione
2033 3702 2458 3769 iurisiurandi
2482 3706 2585 3771 vis
2620 3711 2687 3774 et
2718 3708 2942 3792 religio

492 3801 904 3869 tollerentur:
968 3806 1195 3892 itaque
1256 3811 1763 3892 magistratibus
1823 3815 2030 3881 talem
2093 3818 2463 3885 clausulam
2518 3823 2626 3888 vel
2658 3824 2782 3888 ioci
2835 3825 2944 3890 vel

710 3989 748 4054 ¹)
788 3989 856 4043 cf.
887 3993 941 4045 C.
972 3994 1011 4045 1.
1040 3994 1099 4046 L.
1126 3995 1170 4061 I,
1208 4013 1292 4062 pg.
1319 3999 1529 4054 45—47
1568 4001 1621 4052 in
1661 4003 1805 4055 linea
1845 4004 1912 4058 23
1950 4021 2026 4073 sq.
2066 4022 2094 4058 e
2134 4008 2225 4060 lin.
2255 4010 2321 4062 19
2342 4026 2415 4076 sq.
2458 4012 2646 4065 eiectio
2686 4030 2713 4066 e
2752 4023 2942 4067 senatu

491 4078 824 4131 restituenda
845 4088 924 4133 est
952 4081 1044 4149 (cf.
1067 4083 1358 4148 Mommsen
1387 4087 1551 4143 St.-R.
1575 4091 1671 4159 ΠΙ,
1691 4092 1846 4161 885);
1875 4095 1966 4148 lin.
1987 4095 2020 4148 9
2047 4098 2410 4167 magistratuS‚
2437 4103 2527 4167 qui
2555 4111 2742 4155 contra
2768 4105 2941 4171 legem

490 4162 738 4234 fecerint,
775 4172 1088 4224 multantur.

705 4254 743 4320 ²)
779 4273 825 4310 a.
853 4260 922 4312 59
948 4256 1200 4331 ἐπιτίμια
1226 4266 1318 4332 eis,
1344 4269 1434 4333 qui
1460 4285 1562 4321 non
1591 4271 1849 4340 iurarent,
1875 4274 1962 4327 lex
2001 4277 2309 4330 minabatur
2334 4280 2435 4334 Dio
2463 4283 2606 4336 Cass·
2632 4284 2939 4352 XXXVIII,

490 4343 540 4410 6,
580 4346 627 4398 7.
704 4347 843 4414 App.
872 4348 943 4417 II,
969 4350 1054 4418 12,
1091 4352 1232 4405 Plut.
1261 4354 1376 4407 Cat.
1403 4357 1527 4409 min.
1555 4359 1650 4427 323
1689 4362 1981 4415 secundum
2007 4367 2316 4433 Appianum
2356 4385 2515 4423 causa
2550 4388 2654 4425 non
2694 4376 2939 4441 capitalis

490 4441 624 4485 erat.
679 4434 943 4490 Minorem
982 4455 1193 4505 poenam
1231 4447 1600 4499 recusantibus
1628 4449 1811 4503 Caesar
1842 4453 2096 4507 maiorem
2137 4459 2492 4522 pollicebatur
2528 4462 2937 4533 optimatesque,

487 4537 555 4574 ne
592 4523 645 4574 in
686 4525 904 4577 exilium
942 4529 1303 4599 mitterentur,
1344 4545 1631 4589 cesserunt.
1709 4538 1900 4593 Omnia
1936 4544 2105 4609 igitur
2143 4557 2459 4614 congruunt.

2761 4664 2795 4716 6
