3485 5069
1597 355 1950 407 -66-

757 528 951 593 Nunc
1000 526 1087 592 ad
1132 528 1347 614 ipsam
1395 529 1890 594 accusationem
1938 529 2261 616 Caepionis
2307 531 2581 597 iunioris
2626 533 2995 601 redeamus,
3076 602 3080 607 ,

542 646 764 728 Atque
806 647 982 708 auct.
1019 643 1124 709 ad.
1158 643 1311 710 Her.
1346 645 1393 727 I,
1429 646 1509 709 21
1547 649 1832 731 tempuS,
1883 645 2058 731 quod
2091 645 2404 711 delictum
2435 649 2729 733 proxime
2763 671 2998 735 seque-

540 759 761 841 batur,
812 759 882 824 in
929 759 1150 825 animo
1199 760 1444 825 habere
1491 759 1777 843 videtur,
1827 761 1956 826 nisi
2002 783 2213 844 genus
2261 761 2536 847 dicendi,
2588 785 2716 849 quo
2764 766 2995 849 utitur,

541 896 664 940 nos
696 874 873 941 fallit
905 875 1008 961 (cf.
1040 876 1438 941 Preiswerk:
1476 875 1555 941 de
1589 876 1976 942 inventione
2025 878 2387 943 oratiorum
2421 878 2998 945 Ciceronianarum

541 990 714 1056 Diss,
750 990 949 1056 Basel
1015 993 1205 1074 1905,
1268 1013 1373 1077 pg.
1411 993 1496 1056 25
1514 991 1655 1079 sq.).
1762 992 2144 1057 Cavendum
2215 1014 2371 1058 vero
2443 997 2565 1077 est,
2636 1016 2720 1061 ne
2781 995 2998 1061 locum

544 1105 870 1171 Ciceronis
932 1106 1116 1172 Brut.
1158 1108 1304 1190 162,
1370 1129 1498 1193 quo
1562 1108 1775 1194 Caepio
1838 1129 1881 1172 a
1941 1108 2176 1174 Crasso
2235 1130 2295 1173 a.
2332 1110 2418 1174 95
2475 1109 2788 1177 defensus
2851 1133 2997 1177 esse

542 1220 798 1305 dicitur,
850 1221 935 1287 ad
981 1223 1156 1288 hanc
1204 1244 1478 1288 causam
1523 1223 1914 1288 referamus:
1981 1245 2139 1289 nam
2198 1224 2254 1289 si
2315 1224 2424 1289 ille
2477 1224 2618 1308 lege
2672 1225 2999 1312 Appuleia

542 1358 696 1403 reus
744 1360 786 1403 a
834 1339 1073 1404 Crasso
1123 1338 1438 1404 defensus
1487 1343 1684 1421 esset,
1735 1338 1955 1404 Cicero
2007 1338 2085 1405 de
2134 1343 2300 1405 orat.
2328 1341 2404 1423 H,
2459 1343 2809 1407 197-204
2857 1343 2998 1408 sine

543 1452 742 1519 dubio
779 1454 1093 1519 Crassum
1141 1476 1254 1540 pro
1290 1454 1592 1541 Caepione
1639 1454 1967 1520 dicentem
2002 1456 2291 1520 Antonio
2341 1455 2571 1521 eodem
2608 1479 2795 1543 paene
2827 1461 2996 1522 tem-

540 1591 694 1656 pore
726 1571 795 1634 in
828 1569 1125 1635 eiusdem
1154 1571 1410 1653 generis
1445 1592 1652 1636 causa
1682 1592 1796 1656 pro
1829 1570 2143 1636 Norbano
2177 1570 2422 1636 dicenti
2455 1573 2994 1658 comparavisset.

543 1685 1042 1772 Quamcumque
1113 1686 1290 1751 enim
1359 1686 1532 1751 inter
1602 1686 1914 1751 Crassum
1984 1689 2052 1751 et
2119 1688 2488 1752 Antonium
2550 1689 2997 1753 contentionis

544 1800 976 1866 instituendae
1026 1802 1441 1866 occasionem
1489 1802 1773 1888 arripere
1821 1802 2039 1867 Cicero
2096 1803 2335 1888 potuit,
2386 1804 2680 1889 arripuit.
2776 1807 2995 1888 Atque

435 1953 443 1960 -
541 1916 700 2000 quia
746 1938 788 1981 a
835 1916 1082 1982 Scauro
1129 1921 1393 2003 propter
1440 1917 1770 1982 actionem
1819 1917 2140 1982 nobilium
2183 1919 2399 2000 gratia
2432 1923 2812 2005 susceptam
2844 1941 2996 1984 eum

544 2036 934 2097 accusatum
969 2054 1114 2097 esse
1157 2054 1292 2097 non
1337 2036 1442 2097 est
1465 2033 1825 2118 probabile,
1853 2037 1954 2099 ter
1971 2034 2012 2121 ¹)
2048 2034 2417 2120 Caepionem
2449 2035 2518 2098 in
2550 2035 2655 2099 ius
2678 2038 2996 2100 vocatum

541 2167 688 2212 esse
721 2149 1110 2214 statuimus:
1139 2170 1198 2213 a.
1219 2149 1324 2231 95,
1352 2170 1412 2214 a.
1433 2151 1517 2213 92
1544 2152 1612 2214 et
1636 2150 1870 2214 statim
1894 2153 2047 2235 post
2070 2171 2323 2214 annum
2352 2151 2480 2215 100
2505 2153 2626 2215 aut
2648 2151 2790 2236 ipso
2818 2172 2993 2215 anno

546 2265 691 2328 100.
741 2264 994 2343 Quibus
1029 2265 1357 2329 concessis
1381 2263 1576 2329 facile
1603 2265 1982 2330 coniectura
2007 2287 2078 2329 se
2112 2265 2329 2347 offert,
2365 2265 2577 2348 legem
2601 2265 2996 2352 Appuleiam

539 2379 620 2443 in
693 2379 945 2465 ipsum
1010 2380 1441 2466 Caepionem
1502 2379 1715 2445 latam
1779 2402 1925 2445 esse
1987 2379 2187 2467 (quod
2248 2380 2492 2463 Lengle
2541 2381 2582 2446 l.
2636 2381 2676 2445 l.
2742 2403 2846 2467 pg.
2910 2382 2990 2446 31

541 2496 764 2583 negat)
836 2498 917 2560 et
989 2517 1147 2560 una
1231 2517 1397 2561 cum
1480 2495 1649 2579 lege
1716 2496 2245 2563 frumentaria
2327 2518 2528 2562 anno
2612 2498 2738 2563 100
2822 2517 2994 2562 esse

541 2610 1067 2677 tribuendam.
1149 2612 1352 2692 Quod
1414 2614 1470 2677 si
1515 2612 1753 2699 placet,
1803 2613 2196 2678 Mommseni
2243 2613 2581 2678 sententia
2635 2634 2677 2678 a
2723 2612 2993 2695 Lenglio

541 2736 867 2793 renovata
915 2727 1039 2813 (pg.
1076 2729 1382 2816 23-32),
1433 2728 1798 2824 secundum
1831 2749 2033 2813 quam
2075 2729 2276 2795 etiam
2320 2728 2407 2793 ad
2439 2728 2681 2794 delicta
2711 2729 2993 2814 impera-

543 2969 896 3021 coutiueutia
949 2971 1128 3022 animi
1180 2976 1231 3022 et
1280 2969 1682 3037 niaquitudine,
1728 2976 1792 3022 ut
1844 2968 2152 3036 Caepionem
2200 2976 2395 3022 contra
2440 2985 2593 3022 reum
2638 2963 2894 3021 detulerit
2946 2975 2997 3021 et

545 3056 790 3110 breviore
840 3058 930 3111 die
981 3060 1375 3125 inquisitionis
1428 3065 1655 3125 accepta
1712 3060 1968 3125 effecerit,
2024 3064 2087 3111 ut
2137 3059 2230 3112 ille
2273 3060 2436 3125 prior
2492 3073 2722 3111 causam
2775 3058 2991 3110 (liceret.

543 3147 624 3198 M.
656 3164 869 3214 quoque
905 3149 1155 3201 Drusum
1194 3149 1318 3201 trib.
1339 3149 1419 3215 pl.
1448 3148 1705 3200 hortatus
1752 3149 1841 3214 sit,
1888 3155 1953 3201 ut
1988 3148 2205 3200 iudicia
2254 3149 2622 3201 commutaret‘
2667 3144 2758 3212 (cf.
2780 3144 2847 3197 de
2887 3145 2993 3198 Cic.

542 3238 607 3291 de
643 3238 800 3291 domo
834 3239 943 3304 50),
981 3254 1107 3305 non,
1142 3244 1201 3288 ut
1234 3237 1486 3289 Klebsius
1517 3244 1698 3290 censet
1728 3237 1919 3302 (P.-W.
1938 3237 1978 3302 Ι,
2000 3238 2146 3304 586),
2180 3252 2343 3303 annn,
2373 3238 2465 3302 qui
2493 3237 2638 3287 intra
2664 3250 2710 3286 a.
2743 3234 2791 3285 d.
2815 3233 2889 3286 IV
2916 3234 2992 3286 Id.

542 3328 670 3379 Dec.
688 3327 756 3379 92
779 3333 832 3378 et
847 3342 893 3379 a.
911 3326 960 3378 d.
979 3326 1055 3378 IV
1076 3327 1151 3378 Id.
1173 3328 1302 3379 Dec.
1320 3327 1386 3378 91
1410 3327 1735 3394 continetur,
1759 3326 1948 3379 Scauri
1968 3327 2022 3377 in
2037 3326 2363 3393 Caepionem,
2380 3325 2648 3392 Caepionis
2665 3325 2720 3375 in
2733 3324 2994 3376 Scaurum

542 3432 729 3469 causas
767 3418 955 3483 procul
994 3417 1139 3468 omni
1179 3415 1514 3468 dubitatione
1554 3416 1829 3482 adsignat,
1868 3430 2192 3483 quamquam
2219 3416 2362 3468 inter
2395 3414 2610 3466 Rutili
2647 3411 2832 3479 fugam
2858 3415 2995 3478 (tum

545 3506 805 3572 damnati,
843 3521 965 3557 cum
1004 3505 1219 3571 iudicia,
1257 3505 1323 3556 de
1364 3505 1556 3570 quibus
1595 3506 1820 3572 agimuS,
1857 3504 2234 3557 habebantur:
2276 3504 2381 3556 Cic.
2408 3520 2508 3570 pro
2546 3504 2749 3555 Scauro
2776 3501 2825 3554 2.
2886 3501 2996 3553 Ru-

541 3595 692 3645 tilius
732 3609 777 3645 a.
818 3592 885 3645 92
925 3595 982 3644 in
1023 3594 1241 3644 exilium
1281 3599 1431 3645 actus
1483 3600 1564 3645 est
1610 3592 1676 3645 cf.
1718 3593 1829 3645 Liv.
1857 3593 1978 3645 Per.
2018 3593 2101 3645 70.
2179 3592 2340 3643 Peter
2375 3591 2513 3643 Rell.
2543 3590 2741 3643 Histor.
2769 3590 2925 3642 Rom.
2952 3591 2995 3657 Ι,

545 3701 630 3751 pg.
661 3682 872 3735 CCLXI
892 3698 968 3750 sq.
1043 3682 1305 3750 Reinach,
1342 3681 1660 3734 Mithridate
1700 3682 1963 3749 Eupator,
2002 3698 2087 3748 pg.
2118 3682 2238 3748 107,
2277 3680 2475 3733 adn.3.
2514 3679 2872 3747 Pauly-Wiss.
2902 3678 2994 3744 IV,

544 3771 705 3836 1527)
746 3770 1016 3836 Drusique
1065 3771 1399 3823 tribunatum
1451 3772 1684 3837 spatium
1723 3772 1976 3836 exiguum
2016 3770 2360 3835 relinquitur.
2433 3767 2541 3820 Sed
2580 3769 2715 3819 nihil
2753 3767 2995 3834 impedit,

543 3862 674 3927 quin
714 3859 779 3911 de
818 3860 1027 3925 reliqua
1065 3860 1196 3911 anni
1235 3858 1302 3911 92
1343 3865 1497 3924 parte
1544 3860 1834 3923 cogitemus
1886 3865 1940 3910 et
1979 3873 2182 3910 annum
2220 3858 2286 3910 91
2325 3864 2598 3924 praeturae,
2643 3858 2700 3909 in
2740 3873 2846 3923 qua
2885 3873 2994 3909 non

545 3948 786 4001 accusari
843 3949 1033 4013 potuit,
1089 3949 1432 4000 retineamus.
1502 3978 1571 3984 —
1609 3947 1859 3999 Ceterum
1912 3946 2258 3998 manifestum
2316 3946 2585 4013 Caepionis
2636 3946 2694 3998 in
2733 3946 2994 3998 Scaurum

544 4038 744 4105 odium,
783 4038 870 4089 cui
910 4038 1072 4088 etiam
1109 4042 1297 4103 postea
1338 4036 1577 4103 indulsit,
1617 4037 1755 4103 (lege
1784 4035 1950 4088 Varia
1990 4051 2110 4087 eum
2137 4037 2430 4088 accusavit:
2471 4034 2576 4087 Cic.
2606 4051 2703 4102 pro
2733 4035 2934 4087 Scauro
2961 4035 2994 4086 3

543 4129 739 4180 Ascon.
780 4128 836 4179 in
876 4126 1059 4178 Scaur.
1101 4126 1169 4179 19
1190 4125 1255 4177 K.
1297 4126 1486 4178 Charis
1527 4126 1647 4192 193,
1687 4125 1783 4192 193
1822 4126 1941 4192 196,
1970 4127 2001 4179 7
2016 4142 2029 4191 3
2068 4124 2189 4192 224,
2229 4125 2295 4177 21
2319 4123 2382 4175 K.
2425 4123 2627 4191 Lengle
2656 4126 2687 4176 l.
2719 4125 2752 4175 l.
2781 4140 2865 4191 pg.
2883 4124 2994 4190 33),

545 4217 732 4269 Scauri
770 4216 1221 4282 „itmocentz'am“
1260 4215 1419 4267 aliter
1457 4216 1716 4281 explicari
1755 4215 2031 4281 permittit.

763 4304 796 4368 ¹)
835 4302 1062 4369 Quando
1101 4320 1133 4355 a
1171 4302 1230 4354 T.
1259 4303 1482 4355 Betucio
1528 4303 1697 4355 Barro
1735 4305 2008 4356 Asculano
2048 4302 2219 4369 (Brut.
2251 4303 2368 4355 169.
2398 4302 2524 4368 206)
2577 4309 2856 4354 accusatus
2908 4303 2993 4367 sit,

542 4395 848 4460 ignoratur3
901 4393 1015 4444 iure
1061 4398 1263 4458 tamen,
1316 4399 1538 4458 propter
1588 4394 1909 4444 accusatoris
1946 4394 2199 4459 patriam,
2239 4391 2565 4442 imminentis
2616 4390 2743 4443 belli
2783 4392 2994 4443 socialis

542 4488 789 4549 tempora
825 4483 1019 4549 aliquis
1058 4482 1374 4548 suspicetur.
