3485 5069
1585 347 1941 400 -64-

533 526 601 591 in
663 547 738 591 eo
799 524 995 612 plane
1055 521 1438 610 probandus
1507 525 1630 604 est,
1660 502 1665 507 ”
1693 521 1871 607 quod
1931 522 2268 608 explanat,
2332 523 2497 587 nihil
2566 545 2715 589 eam
2774 522 2988 606 legem

533 640 620 707 ad
664 639 914 706 bellum
961 639 1357 704 Cimbricum
1403 639 1823 724 pertinuisse,
1883 637 2000 703 sed
2047 641 2116 703 et
2160 638 2231 702 in
2276 642 2615 724 posterum
2662 640 2986 726 praecipue

530 757 670 821 vim
695 756 837 821 sive
863 777 905 820 a
928 754 1214 821 tribunis
1240 754 1382 819 sive
1414 754 1484 818 in
1508 754 1812 819 tribunos
1839 752 2211 819 adhibitam
2227 754 2269 841 ¹)
2303 753 2511 819 fuisse
2533 755 2984 821 coercituram.

532 874 753 956 Atque
784 893 853 936 re
879 892 1040 936 vera
1073 870 1223 935 SeX.
1259 869 1393 934 Titi
1426 870 1787 949 accusatio,
1847 890 2254 954 quamquam
2286 873 2682 952 argumenta
2729 869 2986 936 deside-

531 992 782 1070 rantur,
847 985 1029 1051 haud
1088 984 1612 1071 improbabiliter
1672 983 1905 1050 eadem
1965 984 2109 1067 lege
2169 984 2353 1050 facta
2415 988 2519 1050 est
2580 985 2683 1071 (cf.
2742 985 2987 1070 Lengle

531 1125 635 1189 pg.
664 1103 773 1186 323
800 1102 879 1168 de
906 1123 1112 1167 causa
1146 1101 1226 1167 cf.
1260 1100 1436 1165 infra
1467 1100 1571 1182 ΙΙΙ,
1599 1103 1686 1188 6),
1721 1101 1967 1165 crimen
1998 1099 2195 1186 plane
2226 1100 2401 1165 idem
2434 1104 2638 1186 atque
2668 1101 2985 1185 Norbani,

531 1219 846 1303 quoniam
879 1217 1236 1283 manifesto
1277 1215 1492 1301 „quod
1522 1216 1882 1299 imaginem
1914 1214 2258 1281 Saturnini
2292 1215 2468 1282 domi
2500 1217 2813 1282 haberet“
2853 1239 2988 1283 non

530 1334 762 1418 legalis
787 1333 1234 1399 accusationis
1269 1353 1475 1398 causa
1507 1335 1652 1397 erat
1678 1330 1780 1420 (de
1807 1334 1973 1398 orat.
1991 1332 2213 1418 ΙΙ,48);
2239 1332 2498 1417 equites
2521 1331 2989 1399 iudicaverunt

533 1450 680 1536 (Cic.
709 1471 822 1536 pro
846 1447 1170 1534 Rab.24);
1218 1451 1482 1534 tempus
1531 1446 1837 1533 quadrat.

742 1565 941 1630 Miror
987 1567 1236 1646 autem,
1287 1561 1463 1649 quod
1504 1562 1750 1645 Lengle
1800 1562 1923 1648 (pg.
1960 1562 2074 1649 31)
2109 1562 2179 1642 Q.
2217 1542 2569 1628 Servilium
2618 1563 2987 1649 Caepionem

527 1682 852 1747 iuniorem
901 1679 1090 1768 (duos
1124 1679 1461 1764 Caepiones
1502 1682 1678 1743 recte
1710 1678 2163 1743 Mommsenus
2201 1679 2389 1744 Rom.
2427 1677 2662 1744 Gesch.
2690 1679 2806 1762 ΠΒ,
2855 1680 2986 1746 203

529 1797 699 1863 Adn.
735 1795 1060 1882 distinxit)
1109 1794 1251 1877 lege
1298 1794 1626 1880 Appuleia
1670 1814 1858 1858 reum
1903 1793 2161 1858 factum
2209 1815 2355 1859 esse
2401 1794 2672 1860 Klebsio
2715 1794 2985 1882 (Pauly-

534 1913 739 1978 Wiss,
779 1913 855 1995 H,
896 1909 1048 1997 263)
1109 1931 1245 1976 non
1306 1908 1623 1992 concedit,
1688 1909 1927 1996 quippe
1984 1930 2181 1994 quem
2229 1908 2491 1975 disertis
2537 1910 2759 1976 verbis
2807 1913 2982 1976 auct.

530 2028 616 2094 ad
662 2028 900 2093 Heren.
935 2027 982 2110 Ι,
1033 2028 1112 2091 21
1167 2025 1544 2091 maiestatis
1591 2025 1985 2091 arcessitum
2033 2046 2179 2090 esse
2228 2024 2412 2108 dicit3
2471 2026 2773 2108 congruit
2818 2047 2984 2112 pree-

530 2148 714 2210 terea
760 2143 902 2208 eius
951 2163 1157 2207 causa
1205 2163 1355 2206 cum
1400 2141 1698 2207 Norbani
1751 2141 1820 2204 in
1868 2162 1944 2206 eo
2008 2139 2197 2228 (part.
2249 2143 2398 2206 orat
2446 2142 2574 2207 104
2606 2142 2747 2229 sq),
2811 2140 2986 2227 quod

528 2261 698 2340 ,quid
742 2262 822 2323 sit
866 2263 1138 2324 minuere
1185 2261 1584 2323 maiestatem‘
1647 2256 1969 2341 quaeritur
2014 2259 2082 2321 et
2142 2255 2317 2340 quod
2366 2256 2609 2321 crimen
2656 2256 2839 2321 haud
2886 2255 2984 2320 di-

528 2395 799 2439 versum
846 2373 1132 2459 Caepioni
1179 2372 1462 2438 obicitur
1510 2370 1945 2456 (rogationem
1985 2370 2148 2454 legis
2189 2370 2643 2436 frumentariae
2688 2371 2767 2436 vi
2815 2376 2984 2437 tur-

530 2490 891 2556 baverat:
941 2492 1116 2555 auct.
1153 2487 1257 2554 ad.
1308 2487 1459 2553 Her.
1495 2487 1541 2570 I,
1578 2488 1682 2569 21,
1741 2486 1900 2554 Sall.
1934 2486 2108 2553 Hist.
2143 2486 2172 2552 I
2217 2486 2338 2571 frg.
2376 2489 2459 2553 62
2505 2486 2761 2577 Maur.).
2858 2487 2985 2553 Cur

530 2608 732 2690 igitur
792 2608 950 2671 ante
1011 2609 1132 2670 aut
1192 2608 1427 2690 praeter
1488 2604 1882 2690 Appuleiam
1944 2603 2147 2669 aliam
2207 2603 2420 2686 legem
2488 2602 2684 2689 plane
2748 2602 2981 2669 eadem

529 2724 917 2809 punientem
988 2721 1326 2786 exstitisse
1397 2719 1788 2785 credamus?
1894 2719 2124 2805 Neque
2185 2720 2500 2805 temporis
2559 2720 2731 2784 ratio
2793 2720 2985 2785 nobis

532 2836 944 2904 contradicit.
1024 2836 1380 2901 Accusatio
1412 2839 1565 2921 post
1612 2838 2022 2920 quaesturam
2071 2833 2197 2920 (ad.
2232 2834 2384 2899 Her.
2418 2834 2465 2917 Ι,
2516 2833 2622 2922 21)
2672 2838 2829 2900 ante
2864 2857 2985 2900 an-

530 2975 692 3019 num
739 2956 823 3019 90
846 2953 888 3040 ²²)
937 2951 1245 3039 ponenda
1292 2955 1414 3017 est.
1487 2951 1840 3031 Quaestura
1888 2950 2209 3036 Caepionis
2257 2953 2485 3015 autem
2534 2972 2684 3015 cum
2730 2972 2863 3016 uno
2904 2971 2986 3015 ex

531 3069 874 3134 Saturnini
921 3068 1377 3133 tribunatibus
1427 3066 1746 3149 congruit.
1796 3065 1897 3130 Ex
1931 3066 2172 3152 quibus
2219 3065 2667 3152 praeferendus
2715 3069 2820 3131 est
2866 3066 2984 3132 tri-

530 3283 658 3336 bani
714 3284 1126 3348 accusationem,
1184 3282 1393 3333 etiamsi
1449 3281 1632 3348 Caepio
1691 3282 1746 3332 in
1805 3296 1868 3332 ea
1925 3279 2177 3333 laudatus
2235 3287 2389 3345 esset,
2448 3279 2633 3332 Cicero
2693 3294 2985 3346 numquam

532 3372 800 3440 Caepionis
847 3370 1218 3423 defensionem
1271 3368 1509 3421 dixisset.
1585 3372 1791 3437 Aperte
1842 3370 2006 3435 igitur
2043 3367 2112 3421 ad
2152 3369 2462 3435 Caepionem
2500 3370 2764 3421 iuniorem
2811 3370 2985 3421 oratio

530 3463 768 3528 pertinet
805 3459 894 3526 (cf.
919 3474 1002 3526 pg.
1025 3459 1132 3523 49).
1206 3458 1452 3510 Norbani
1515 3474 1734 3510 causam
1788 3460 1897 3510 alia
1949 3463 2265 3524 argumenta
2318 3457 2667 3509 nihilominus
2720 3458 2877 3509 annis
2916 3457 2986 3509 96

531 3556 625 3603 aut
662 3551 731 3603 95
769 3550 1041 3615 delegant:
1084 3548 1356 3599 Antonius
1410 3548 1553 3598 enim
1606 3547 1672 3599 de
1723 3553 1858 3599 orat.
1887 3547 1956 3614 11,
1997 3546 2099 3600 198
2138 3547 2412 3599 censorius
2450 3547 2774 3614 appellatur,
2827 3562 2985 3612 quem

530 3638 903 3704 magistratum
942 3653 988 3689 a.
1010 3635 1173 3704 98s97
1212 3641 1468 3703 gesserat,
1523 3636 1791 3703 Sulpicius
1831 3643 2011 3689 autem
2060 3634 2248 3688 eodem
2294 3635 2411 3688 loco
2463 3635 2797 3702 adulescenS,
2837 3641 2890 3687 et
2927 3636 2984 3687 in

531 3723 901 3778 antecedentis
958 3725 1045 3792 (de
1094 3733 1229 3777 orat.
1271 3725 1340 3792 ΙΙ,
1379 3725 1470 3791 89)
1529 3727 1660 3776 anni
1713 3740 1876 3777 causa
1931 3724 2016 3790 (de
2067 3731 2199 3777 orat.
2229 3724 2298 3792 ΙΙ,
2325 3725 2417 3790 88)
2475 3723 2981 3791 „a‹lulescentulus“

530 3816 841 3867 nominatur
877 3819 1059 3882 (natus
1098 3822 1178 3866 est
1215 3829 1261 3865 a.
1292 3814 1421 3866 124:
1461 3813 1568 3865 Cic.
1590 3813 1740 3865 Brut.
1769 3813 1893 3881 301,
1940 3812 2005 3867 cf.
2039 3813 2179 3879 229).
2244 3813 2312 3864 Ei
2350 3813 2513 3880 igitur
2549 3814 2697 3879 anni,
2735 3814 2827 3879 qui
2865 3828 2986 3879 pro-

530 3906 670 3955 xime
710 3920 988 3957 censuram
1027 3905 1195 3956 secuti
1233 3910 1374 3971 sunt,
1414 3918 1526 3955 sese
1566 3900 1827 3956 offerunt.

750 4011 788 4076 ¹)
828 4011 1229 4076 Quodammodo
1268 4012 1494 4064 crimina
1520 4008 1799 4077 punienda
1828 4025 1946 4061 eam
1972 4010 2447 4076 circumscripsisse
2477 4024 2692 4061 necesse
2723 4015 2819 4075 est,
2858 4009 2984 4075 quia

532 4116 765 4168 „eausa
803 4101 1211 4152 maiestatis“
1252 4102 1308 4152 in
1349 4102 1658 4152 universum
1697 4096 2016 4165 iampridem
2057 4114 2120 4150 ea
2158 4098 2457 4164 dicebatur,
2510 4113 2631 4165 quae
2680 4113 2712 4160 a
2749 4098 2983 4150 tribunis

530 4189 677 4256 apud
715 4190 974 4256 populum
1029 4192 1216 4242 nulla
1266 4197 1449 4243 certa
1489 4192 1631 4256 lege
1670 4188 1933 4256 agebatur
1970 4188 2290 4254 (Mommsen
2330 4187 2496 4239 St.-R.
2525 4186 2630 4253 11³,
2669 4187 2773 4239 325
2814 4184 2983 4238 Straf-

530 4278 684 4330 recht
720 4278 865 4344 539).

747 4383 786 4454 2)
825 4400 928 4450 quo
976 4383 1157 4449 Caepio
1205 4386 1409 4436 occisus
1455 4393 1534 4437 est
1572 4391 1692 4452 post
1729 4401 1777 4437 a.
1806 4383 1856 4436 d.
1884 4383 1962 4435 ΙΙΙ
2006 4381 2082 4437 Id.
2106 4353 2231 4435 Jun.
2260 4381 2326 4436 cf.
2356 4384 2480 4448 App
2526 4381 2567 4449 1,
2595 4383 2689 4449 443
2730 4381 2879 4434 Oros.
2910 4361 2984 4447 V,

531 4475 615 4542 18,
656 4475 753 4542 143
792 4473 1012 4526 Marcks
1050 4459 1305 4525 Uberlief.
1337 4472 1386 4525 (1.
1414 4472 1871 4540 Bundesgen.-Kr.
1913 4489 1999 4539 pg.
2028 4472 2114 4524 91.
