3485 5069
1536 337 1890 391 ...89—

490 511 1013 578 concludendum
1033 513 1208 600 est.¹)
1231 512 1424 578 Mitto
1450 513 1646 597 enim,
1682 512 1860 598 quod
1891 517 1957 579 et
1989 513 2097 579 hic
2129 518 2198 580 et
2227 514 2359 580 illic
2379 516 2941 602 expressisverbis

489 628 813 715 templum
861 632 1436 694 commemoratur:
1485 649 1635 694 cum
1681 629 1907 695 incisis
1953 629 2203 696 fistulis
2251 630 2338 696 ad
2385 630 2786 697 deditionem
2834 653 2942 698 co-

490 745 625 810 acti
672 766 818 810 esse
867 743 1238 809 dicerentur
1284 743 1601 827 seditiosi,
1651 766 1868 810 arcem
1915 766 2051 810 non
2096 767 2236 812 una
2282 767 2431 811 cum
2471 746 2792 833 Capitolio
2839 750 2941 813 te-

489 864 799 926 nuerunt.
895 860 1106 939 Quam
1169 860 1227 925 si
1287 860 1683 943 tenuissent,
1747 881 1882 926 non
1943 861 2155 943 magis
2217 882 2420 946 quam
2476 862 2548 927 in
2603 861 2942 929 obsidione

492 973 751 1041 Gallica
797 997 976 1062 aqua
1022 996 1135 1041 eos
1184 974 1608 1063 defecisset.²)

703 1093 925 1176 Atque
983 1092 1338 1176 quominus
1386 1091 1485 1157 ita
1531 1113 1943 1175 censeamuS,
2004 1113 2220 1177 neque
2268 1114 2368 1175 ea,
2430 1114 2578 1178 quae
2624 1098 2945 1179 praeterea

491 1207 571 1273 de
619 1207 964 1273 Saturnini
1011 1206 1353 1272 obsidione
1400 1206 1777 1290 traduntur,
1840 1211 2232 1294 repugnant.
2326 1209 2580 1291 Pugna,
2643 1229 2792 1293 quae
2838 1229 2942 1274 se-

493 1322 782 1389 cundum
829 1321 1133 1389 Orosium
1178 1322 1260 1406 V,
1313 1324 1501 1406 17,8:
1554 1327 1658 1407 „in
1705 1326 1885 1390 aditu
1930 1323 2235 1406 Capitoli“
2289 1324 2644 1390 commissa
2690 1326 2813 1406 est,
2874 1323 2947 1388 ni

492 1439 805 1521 fallimur,
842 1438 1014 1503 circa
1058 1438 1254 1520 fores,
1304 1458 1452 1522 quae
1484 1437 1773 1503 mediam
1804 1439 2093 1504 frontem
2123 1438 2559 1504 meridianam
2592 1439 2942 1522 ornabant,

493 1555 709 1641 erat.³)
800 1553 906 1619 Ad
961 1553 1243 1619 eandem
1300 1555 1712 1640 eruptionem
1773 1554 2098 1640 pertinere
2159 1553 2462 1640 putanda
2521 1559 2682 1620 sunt
2738 1555 2947 1620 verba

492 1670 821 1736 Ciceronis
855 1668 896 1756 ξ
930 1671 1011 1734 31
1070 1672 1272 1756 „quod
1296 1674 1360 1735 in
1386 1672 1538 1736 clivo
1563 1671 1912 1753 Capitolino
1952 1670 2371 1753 improborum
2405 1674 2628 1736 civium
2656 1678 2947 1748 <manum

491 1789 857 1863 devicisset),
907 1807 1073 1870 quae,
1121 1789 1275 1871 post
1303 1785 1574 1851 fistulas
1607 1786 1853 1852 incisas
1897 1786 2239 1869 collocata,
2272 1807 2487 1871 neque
2521 1785 2608 1851 ad
2652 1806 2946 1871 pugnam

493 1902 562 1966 in
621 1900 763 1967 foro
827 1905 1201 1966 consertam
1262 1904 1568 1987 spectant
1651 1922 1868 1986 neque
1930 1900 2174 1966 caedem
2234 1900 2581 1965 Saturnini
2638 1901 2707 1965 in
2765 1901 2947 1965 curia

492 2016 742 2083 factam
791 2017 1193 2100 significant.

707 2133 1111 2212 Contortam,
1155 2135 1419 2218 propter
1463 2132 1754 2199 fontium
1814 2132 2203 2215 exilitatem,
2241 2131 2320 2197 de
2369 2132 2712 2198 Saturnini
2760 2132 2946 2197 exitu

496 2249 930 2335 quaestionem
962 2249 1061 2313 ita
1092 2247 1571 2331 aggrediamur,
1612 2251 1691 2314 ut
1721 2270 1765 2314 a
1799 2248 2104 2314 Cicerone
2135 2249 2650 2335 proficiscamur.
2725 2249 2946 2331 Atque

493 2365 777 2429 Marium
824 2364 1041 2448 ipsum
1087 2363 1291 2428 fidem
1341 2362 1600 2429 dedisse
1634 2363 1745 2450 (cf.
1781 2384 1984 2449 supra
2011 2384 2116 2449 pg.
2149 2366 2230 2430 10
2257 2363 2377 2452 sq.)
2412 2366 2645 2430 auctor
2677 2362 2763 2428 ad
2793 2362 2946 2428 Her.

499 2479 608 2563 IV,
661 2481 766 2564 31,
817 2482 1049 2547 auctor
1095 2478 1174 2545 de
1220 2479 1341 2546 vir.
1376 2479 1467 2547 ill.
1506 2480 1609 2564 73,
1647 2481 1731 2546 10
1780 2492 1955 2567 („nec
1984 2479 2386 2562 deditisfides
2415 2479 2743 2565 servata“)
2788 2478 2945 2544 Plu-

495 2597 768 2663 tarchus
817 2619 869 2664 c.
907 2599 1011 2679 30,
1046 2618 1151 2683 pg.
1178 2597 1329 2679 363,
1356 2598 1398 2661 2
1444 2595 1689 2683 (ἐκεῖνον
1719 2593 1974 2663 ἐκάλουν
2003 2593 2112 2662 καὶ
2142 2597 2504 2681 παρέδωκαν
2536 2598 2699 2681 σφᾶς
2729 2588 2952 2671 αὐτοὺς

497 2712 598 2781 διὰ
635 2711 754 2798 τῆς
781 2713 1110 2799 λεγομένης
1139 2711 1438 2799 δημοσίας
1459 2711 1745 2799 πίστεως)
1780 2715 1953 2777 certe
1985 2732 2121 2777 non
2167 2714 2437 2793 negant.
2508 2710 2722 2790 Quam
2775 2708 2952 2793 quod

499 2829 936 2912 magistratus
983 2827 1273 2911 legitime
1308 2827 1463 2893 dare
1494 2849 1629 2893 non
1660 2830 1926 2914 poterat
1956 2827 2085 2892 nisi
2117 2825 2462 2912 plebiscito
2520 2827 2642 2891 aut
2673 2826 2951 2890 senatus

498 2944 800 3010 consulto
847 2944 1146 3032 iussus,⁴)
1237 2944 1488 3010 Marius
1535 2944 1677 3010 sive
1723 2943 1866 3008 iure
1913 2942 2069 3007 belli
2117 2942 2384 3024 vigente
2431 2944 2780 3024 tamquam
2826 2939 2951 3003 im-

495 3063 760 3147 perator
803 3059 1116 3145 praestitit
1162 3059 1570 3145 (Mommsen,
1621 3058 1834 3124 St.-R.
1870 3058 1975 3142 III,
2025 3078 2128 3143 pg.
2168 3057 2358 3139 1065,
2392 3057 2478 3144 4),
2527 3055 2669 3121 sive
2708 3054 2949 3141 potius,

497 3179 576 3241 ut
620 3197 655 3240 e
702 3174 1009 3240 Cicerone
1058 3174 1501 3241 conclusimus
1549 3172 1674 3261 (pg.
1714 3173 1839 3262 11),
1890 3177 2122 3240 contra
2165 3173 2271 3237 ius
2320 3172 2473 3254 egit.
2561 3170 2748 3236 Certe
2793 3191 2951 3236 vero

717 3424 757 3492 ¹)
795 3427 1077 3490 Aquarum
1114 3424 1336 3476 Marciae
1376 3428 1430 3475 et
1453 3422 1707 3491 Tepulae3
1747 3420 1817 3474 cf.
1844 3420 2054 3475 Jordan
2080 3421 2123 3487 Ι,
2150 3421 2200 3488 1,
2225 3421 2330 3475 465
2346 3436 2455 3487 sq.;
2482 3421 2642 3485 Aqua
2659 3417 2867 3470 Marcia
2904 3433 2952 3470 a.

500 3514 604 3568 140
623 3515 679 3566 in
710 3513 1037 3580 Capitolium
1058 3511 1375 3578 perducitur
1398 3509 1469 3563 cf.
1499 3510 1643 3579 Epit.
1666 3511 1780 3562 Liv.
1811 3509 2042 3578 Oxyrrh.
2071 3509 2192 3562 Kol.
2220 3507 2376 3560 V111.
2405 3506 2713 3574 188—1903
2752 3506 2957 3559 Korne·

502 3620 684 3669 mann,
737 3603 839 3654 Die
891 3616 1028 3653 neue
1080 3601 1538 3668 Liviusepitome:
1590 3600 1742 3653 Klio:
1801 3599 1967 3652 Beitr.
2009 3615 2053 3650 z,
2095 3598 2189 3649 alt.
2229 3596 2420 3650 Gesch.
2460 3595 2616 3663 1904,
2656 3597 2702 3649 2.
2725 3593 2955 3661 Beiheft‚

503 3708 587 3759 pg.
628 3691 712 3745 63.
786 3690 944 3743 Putei
997 3691 1178 3756 igitur,
1217 3704 1347 3755 quos
1398 3688 1606 3741 Jordan
1659 3689 1716 3740 in
1769 3687 2035 3753 Capitolio
2091 3687 2435 3753 investigavit
2502 3684 2563 3751 (I,
2611 3684 2641 3737 1
2695 3682 2820 3736 adn.
2867 3683 2953 3736 80.

500 3783 542 3849 1,
582 3781 632 3848 2,
674 3796 760 3847 pg.
785 3779 887 3833 124
913 3778 1038 3831 adn.
1060 3779 1168 3845 79),
1208 3780 1319 3831 sive
1348 3779 1562 3830 omnino
1590 3793 1695 3830 non
1733 3783 1906 3844 erant,
1946 3778 2055 3828 sive
2094 3774 2163 3827 ad
2196 3790 2353 3827 usum
2383 3790 2489 3826 non
2519 3771 2955 3840 suppeditabant.

715 3885 755 3951 ²)
792 3885 1003 3940 Jordan
1028 3886 1070 3953 1,
1099 3886 1148 3954 2,
1186 3885 1432 3953 pg.124:
1484 3884 1670 3937 Cicero
1722 3883 1790 3937 de
1841 3899 1955 3951 rep.
1993 3883 2063 3950 11,
2103 3882 2168 3935 11
2208 3896 2386 3934 arcem
2424 3887 2669 3948 spectare
2715 3879 2955 3947 videtur3

501 3975 709 4030 Jordan
748 3975 792 4041 1,
831 3974 881 4041 1,
919 3989 1007 4041 pg.
1034 3973 1157 4027 452.
1231 3973 1394 4026 Falso
1431 3975 1598 4039 igitur
1634 3971 1831 4025 Florus
1872 3974 1904 4023 l.
1927 3973 1960 4023 l.
2000 3971 2066 4023 de
2106 3986 2228 4024 arce
2267 3972 2483 4038 cogitat.

716 4080 760 4148 ⁸)
798 4080 1004 4135 Jordan
1032 4081 1074 4147 1,
1101 4081 1151 4148 2,
1190 4096 1274 4146 pg.
1296 4081 1365 4134 36
1409 4081 1494 4133 64.
1548 4081 1639 4145 qui
1677 4081 1819 4147 App.
1848 4078 1898 4146 1,
1925 4079 1993 4131 16
2031 4077 2290 4130 adhibere
2331 4093 2437 4129 non
2477 4075 2677 4129 debuit.
2731 4075 2957 4142 Hiilsen,

498 4170 855 4239 Pauly-WisS.
884 4169 979 4235 III,
1019 4170 1174 4223 1536.

714 4278 757 4345 ⁴)
810 4277 918 4330 Cic.
960 4292 1057 4344 pro
1107 4276 1244 4330 Rab.
1280 4276 1380 4344 283
1436 4276 1735 4328 Mommsen
1789 4274 2111 4341 St.-R.111‚
2165 4274 2320 4327 1065.
2410 4270 2715 4325 Strafrecht
2748 4272 2872 4335 457,
2899 4270 2957 4338 2;

500 4369 680 4421 Livius
718 4365 867 4433 VIII,
907 4366 988 4432 18,
1027 4367 1060 4418 5
1113 4366 1219 4418 Cic.
1250 4365 1363 4417 Cat.
1392 4365 1489 4431 III,
1515 4365 1574 4433 83
1627 4364 1758 4416 Sall.
1788 4363 1901 4416 Cat.
1929 4363 2015 4429 30,
2043 4363 2102 4430 63
2154 4363 2240 4428 47,
2269 4362 2326 4429 1;
2380 4362 2520 4426 App.
2549 4359 2593 4426 I,
2631 4360 2720 4426 54,
2759 4359 2788 4427 ἓ
2826 4359 2957 4426 239;

501 4456 799 4509 Mommsen
839 4455 1001 4507 St.-R.
1023 4455 1120 4521 111,
1160 4453 1299 4507 1229
1339 4451 1409 4508 cf.
1436 4454 1635 4520 338,1.
