3485 5069
1543 339 1902 393 —91-

499 517 693 584 aliter
738 538 842 583 res
891 515 1147 582 accidit.
1241 517 1534 581 Primum
1593 517 1790 599 enim,
1864 515 2026 582 data
2084 516 2220 581 fide
2288 538 2401 581 cur
2464 517 2534 581 in
2596 517 2779 581 curia
2839 538 2951 583 eos

497 633 747 699 Marius
781 633 923 698 sive
954 631 1297 697 incluserit
1342 632 1484 697 sive
1516 633 1765 697 intrare
1796 631 2120 715 invitarit,
2154 653 2389 718 parum
2420 635 2628 718 patet.
2700 631 2952 698 Deinde

499 748 898 813 Plutarchus
948 747 1071 834 (pg.
1109 748 1258 831 363,
1295 748 1356 834 5)
1420 769 1533 813 eos
1595 748 1678 811 in
1732 747 1989 813 forum
2038 747 2553 814 descendisse
2603 746 2954 835 (κατιόντας

497 864 584 941 εἰς
615 861 885 952 ἀγοράν),
913 863 1183 929 Orosius
1232 866 1301 928 et
1331 866 1563 928 auctor
1596 862 1674 928 de
1706 863 1827 928 vir.
1862 862 1952 928 ill.
1993 863 2094 945 73,
2126 867 2204 928 11
2240 868 2305 928 in
2337 868 2578 930 curiam
2609 861 2953 949 confuqisse

501 978 749 1045 dicunt.
824 979 977 1044 <Iam
1011 978 1291 1044 Glaucia
1313 979 1354 1066 ¹)
1386 979 1457 1043 in
1498 977 1690 1044 domo
1724 979 1988 1065 privata
2022 978 2349 1063 quomodo
2383 982 2662 1044 mortem
2695 979 2949 1060 obierit,

499 1116 634 1160 non
683 1094 1069 1181 explicatur,
1129 1095 1187 1160 si
1234 1115 1463 1160 omnes
1525 1094 1726 1160 simul
1770 1095 1839 1158 in
1902 1095 2083 1160 curia
2142 1094 2381 1159 inclusi
2443 1099 2511 1160 et
2571 1095 2724 1160 caesi
2771 1097 2950 1160 sunt.

712 1210 1129 1276 Necessitate
1176 1210 1379 1293 igitur
1424 1209 1715 1296 quadam
1764 1210 1974 1276 coacti
2023 1209 2322 1275 seditiosi
2383 1211 2578 1275 curiae
2625 1209 2955 1294 refugium

500 1327 854 1413 petierunt,
881 1327 960 1391 ut
1004 1325 1188 1391 locus
1222 1346 1408 1390 sacer
1438 1325 1738 1390 inimicos
1772 1325 2095 1412 arceret.²)
2152 1327 2374 1410 Atque
2408 1346 2557 1391 cum
2588 1326 2955 1409 instigante

501 1442 707 1507 Mario
758 1440 962 1526 (Oros,
988 1441 1069 1523 V,
1110 1444 1188 1506 17
1246 1444 1558 1524 „cogente
1604 1441 1884 1522 Mario“;
1944 1440 2024 1506 cf.
2060 1441 2234 1507 Plut.
2269 1463 2373 1527 pg.
2410 1442 2561 1524 363,
2587 1443 2656 1524 43
2704 1443 2870 1527 App.
2905 1441 2952 1523 I,

502 1554 700 1642 §145
747 1557 879 1642 qui,
931 1578 1340 1641 quamquam
1388 1578 1560 1642 saepe
1608 1557 1854 1621 nimius
1901 1557 1971 1621 in
2006 1556 2385 1622 excusando
2419 1557 2626 1622 Mario
2675 1559 2799 1640 est,
2847 1557 2956 1622 hic

500 1672 857 1738 veritatem
903 1673 1089 1757 sequi
1135 1673 1378 1760 potest)
1429 1693 1504 1737 eo
1554 1693 1700 1737 sese
1747 1672 2169 1757 recepissent,
2220 1675 2451 1738 contra
2498 1672 2787 1738 consulis
2833 1694 2953 1738 vo-

502 1786 834 1853 luntatem
918 1789 1282 1874 oppugnati
1344 1790 1522 1853 sunt.
1618 1787 1858 1852 Omnia
1921 1787 2203 1872 denique
2251 1787 2811 1874 comprehendens
2855 1788 2956 1853 ita

501 1924 640 1968 rem
687 1903 1005 1969 accidisse
1054 1904 1312 1989 opinor:
1362 1925 1511 1969 cum
1559 1902 1858 1969 seditiosi
1906 1902 1985 1968 de
2034 1903 2355 1990 Capitolio
2406 1903 2695 1986 degressi
2728 1924 2803 1969 eo
2836 1924 2953 1968 ve-

502 2019 780 2102 nissent,
830 2019 946 2084 ubi
994 2019 1240 2084 clivum
1287 2018 1730 2105 Capitolinum
1777 2018 1902 2083 fori
1951 2040 2109 2084 area
2140 2019 2401 2105 excipit,
2447 2020 2809 2106 'optimates
2842 2019 2957 2103 qui

504 2155 617 2199 eos
679 2134 1096 2217 obsederant,
1159 2135 1415 2200 violata
1467 2134 1602 2200 fide
1648 2135 1719 2198 in
1766 2156 1879 2200 eos
1926 2135 2249 2220 impetum
2292 2134 2612 2201 fecerunt.
2705 2135 2955 2200 Marius

504 2252 752 2332 autem,
815 2250 929 2334 qui
989 2272 1116 2316 sua
1171 2252 1407 2336 sponte
1454 2249 1635 2315 nullo
1685 2249 1751 2314 S.
1787 2249 1853 2315 C.
1886 2249 2066 2315 facto
2114 2249 2318 2315 fidem
2366 2249 2657 2333 dederat,
2706 2271 2791 2315 ne
2839 2271 2954 2335 op-

503 2365 957 2451 primerentur,
986 2366 1227 2451 quibus
1259 2365 1497 2450 potuit,
1523 2364 1919 2430 facultatem
1934 2364 2110 2448 fecit,
2139 2369 2217 2430 ut
2247 2365 2314 2430 in
2334 2366 2583 2431 curiam
2598 2364 2956 2430 Hostiliam

506 2480 886 2566 evaderent,
938 2503 1087 2547 cum
1135 2481 1248 2547 alii
1296 2481 1444 2547 aliis
1491 2481 1620 2548 viis
1666 2480 1899 2565 fugam
1945 2484 2267 2568 peterent.

719 2597 850 2663 Sed
880 2598 1150 2665 frustra.
1200 2597 1578 2663 Secundum
1611 2601 1951 2663 auctorem
1985 2597 2064 2663 de
2095 2598 2216 2663 vir.
2244 2597 2333 2663 ill.
2365 2599 2448 2662 73
2481 2600 2550 2663 et
2579 2597 2959 2683 Appianum

507 2713 682 2778 enim
729 2714 959 2780 hostes
992 2735 1269 2779 ascenso
1307 2716 1485 2779 tecto
1519 2713 1761 2796 tegulis
1793 2712 2257 2799 lapidibusque
2290 2712 2641 2778 seditiosos
2673 2733 2957 2778 necave-

505 2832 682 2912 runt,
733 2829 1097 2895 secundum
1144 2828 1448 2895 Orosium
1495 2832 1564 2895 et
1608 2829 1876 2895 Florum
1921 2828 2097 2894 fores
2145 2828 2569 2911 effregerunt.
2662 2827 2830 2893 Utra
2877 2849 2960 2892 ex

505 2946 610 3011 his
657 2946 1173 3028 narrationibuS,
1221 2985 1309 2993 —
1354 2945 1471 3010 vix
1529 2948 1705 3011 recte
1769 2944 1945 3010 enim
1969 2944 2142 3009 inter
2195 2965 2266 3010 se
2315 2944 2806 3027 coniunguntur
2850 2982 2957 3026 —,

507 3060 916 3147 praeferenda
962 3062 1070 3144 sit,
1121 3061 1339 3127 Cicero
1389 3060 1598 3144 docet,
1646 3061 1765 3126 ubi
1821 3059 1901 3126 de
1947 3060 2179 3126 Rabiri
2226 3059 2608 3126 defensione
2657 3059 2742 3125 ab
2789 3059 2958 3125 Hor-

505 3177 723 3242 tensio
755 3176 991 3242 habita
1021 3177 1230 3242 verba
1257 3175 1423 3242 facit
1456 3174 1590 3262 (pro
1623 3175 1794 3242 Rab.
1833 3178 1948 3259 183
1984 3176 2112 3263 31).
2164 3174 2504 3255 Quomodo
2538 3176 2715 3241 enim
2747 3174 2960 3240 statui

507 3294 749 3378 potest,
771 3292 919 3377 quis
944 3312 1141 3376 quem
1164 3290 1451 3377 lapidem
1475 3292 1586 3357 vel
1608 3291 1905 3374 tegulam
1925 3291 2151 3357 iecerit
2167 3291 2199 3354 ‘?
2235 3292 2328 3356 At
2351 3291 2499 3375 quis
2524 3290 2961 3357 Saturninum

511 3408 878 3473 comminus
908 3406 1079 3472 ferro
1114 3406 1440 3490 occiderit,
1488 3407 1599 3472 vel
1630 3410 1804 3472 certe
1835 3408 2252 3493 percusserit,
2300 3407 2590 3473 testibus
2644 3404 2961 3471 adhibitis

508 3525 788 3609 patrono
837 3521 1103 3609 quidem
1151 3543 1503 3605 coarguere
1551 3522 1658 3587 fas
1706 3525 1829 3588 est.
1908 3523 2161 3606 FloruS,
2212 3522 2326 3607 qui
2356 3521 2622 3587 Livium
2692 3523 2961 3586 secutus

511 3637 828 3703 effractas
875 3638 1050 3703 fores
1099 3640 1589 3721 commemorat,
1622 3642 1946 3724 praeterea
1977 3658 2147 3703 saxa
2177 3636 2549 3703 introduxit
2579 3657 2656 3702 eo
2690 3635 2959 3702 consilio

729 3843 768 3909 ¹)
807 3843 1112 3897 Secundum
1136 3845 1382 3898 Orosium
1401 3852 1455 3896 et
1480 3851 1757 3897 auctorem
1786 3844 1851 3896 de
1880 3844 1975 3896 vir.
1999 3845 2074 3896 ill.
2097 3844 2182 3911 73,
2211 3844 2296 3911 11,
2323 3843 2515 3909 quibus
2552 3841 2688 3895 fides
2712 3839 2963 3894 habenda

510 3940 607 3985 est.
681 3931 821 3985 Nam
859 3935 1042 4001 ceteri,
1080 3935 1171 4000 qui
1209 3935 1318 3986 sive
1356 3935 1411 3985 in
1451 3935 1599 3986 curia
1642 3933 1945 4001 (Appianus
1984 3933 2025 4000 I,
2065 3933 2094 4002 5
2134 3933 2252 3987 145.
2327 3932 2565 3985 Velleius
2603 3932 2672 3998 11,
2713 3930 2815 3998 12),
2854 3931 2963 3982 sive

510 4029 656 4075 certe
694 4038 804 4075 una
842 4038 962 4076 cum
1001 4023 1294 4075 Saturnino
1344 4023 1507 4089 (Plut.
1536 4022 1711 4075 Schol.
1735 4021 1905 4074 Bobb.
1934 4023 2048 4088 l.l.)
2103 4038 2225 4074 eum
2276 4022 2509 4075 occisum
2556 4035 2671 4073 esse
2717 4019 2960 4087 tradunt,

510 4126 631 4176 quae
657 4110 1039 4179 distinguenda
1065 4118 1240 4178 erant,
1278 4113 1620 4179 neglegentia
1659 4109 2031 4163 confuderunt
2056 4112 2234 4177 potius
2262 4127 2423 4177 quam
2450 4110 2669 4163 Orosius
2697 4115 2750 4161 et
2776 4114 2964 4162 auctor

510 4201 653 4252 inter
690 4201 885 4253 similia
923 4200 1320 4253 distinctionem
1357 4201 1728 4253 instituerunt.

725 4287 765 4355 ²)
801 4289 1085 4357 Templum
1136 4291 1286 4343 curia
1325 4296 1468 4342 erat:
1519 4289 1692 4341 Varro
1745 4288 1891 4355 apud
1931 4288 2067 4341 Gell.
2094 4287 2238 4343 XIV.
2270 4288 2317 4356 7,
2344 4291 2403 4357 7;
2440 4289 2554 4342 Liv.
2582 4288 2624 4355 1,
2652 4288 2738 4354 30,
2766 4286 2798 4339 2
2839 4285 2961 4340 Seu.

512 4375 581 4430 ad
632 4378 764 4432 AEn.
791 4378 832 4441 Ι,
885 4378 1013 4446 4463
1071 4377 1190 4445 VII,
1242 4377 1371 4445 1533
1426 4377 1523 4444 XI,
1574 4377 1694 4431 235.
1772 4376 1879 4429 Cic.
1921 4391 2018 4442 pro
2056 4375 2170 4428 Mil.
2206 4376 2277 4429 90
2327 4392 2425 4443 pro
2477 4375 2634 4428 domo
2681 4373 2801 4429 131.
2841 4374 2960 4429 137.

510 4466 718 4520 Jordan
759 4466 1136 4534 Topographie
1176 4466 1217 4530 Ι,
1254 4467 1304 4534 2,
1343 4482 1429 4533 pg.
1453 4465 1573 4520 328.
