3485 5069
1554 325 1910 377 -80-

506 504 819 570 adhihere
850 502 1078 585 liceat3
1128 505 1206 567 ut
1236 500 1573 567 Gracchus
1605 500 1822 566 Attali
1853 501 2024 584 regis
2058 501 2469 583 thesaurum,
2520 502 2637 567 ita
2675 500 2961 567 Satur-

505 620 741 685 ninus
811 639 1087 685 aurum
1147 616 1536 704 Caepionis
1607 615 1704 681 ad
1775 615 2171 682 ornandos
2230 617 2568 703 pecunia
2636 615 2961 682 colonos

508 734 927 801 convertit.
1004 733 1110 798 Ad
1158 732 1456 799 eiusdem
1502 735 1729 798 autem
1764 731 2043 798 Gracchi
2091 732 2466 818 exemplum
2511 736 2748 819 praeter
2780 733 2961 799 cives

505 851 844 916 Romanos
890 849 1177 932 ItalicoS,
1228 869 1637 934 quamquam
1684 848 2143 934 paucissimOS,
2194 848 2461 913 colonos
2508 848 2770 932 delegit.
2783 849 2824 937 ¹)

720 966 817 1031 De
843 964 1138 1032 Glauciae
1161 964 1304 1048 lege
1328 986 1562 1051 parum
1591 965 1859 1047 cognita
1883 963 2131 1047 Ziegler
2156 963 2218 1049 (l.
2247 963 2287 1029 l.
2307 986 2409 1050 pg.
2436 966 2542 1052 28)
2567 964 2958 1051 disputavit.

884 1243 964 1334 3.
1035 1242 1168 1334 De
1238 1241 1348 1356 Q.
1403 1241 1733 1333 Metelli
1805 1242 2239 1333 Numidici
2306 1241 2582 1332 exilio.

722 1439 797 1503 In
842 1436 1117 1503 ferenda
1164 1435 1673 1522 adhibendaque
1715 1436 1859 1502 sive
1890 1436 2120 1522 priore,
2157 1437 2298 1501 sive
2331 1436 2544 1502 altera
2576 1436 2656 1502 de
2690 1436 2961 1502 coloniis

508 1555 651 1638 lege
698 1552 862 1618 illud
909 1552 1168 1635 accidit,
1218 1551 1393 1638 quod
1442 1574 1477 1617 e
1524 1553 1875 1617 tribunatu
1921 1551 1993 1617 L.
2030 1551 2375 1616 Saturnini
2422 1552 2846 1618 tenacissime
2892 1553 2963 1618 in

510 1671 751 1736 animis
797 1673 1210 1756 posterorum
1257 1669 1472 1745 haesit,
1525 1668 1596 1747 Q.
1630 1667 1880 1733 Metelli
1926 1666 2257 1732 Numidici
2304 1667 2594 1733 exilium.
2674 1669 2962 1755 Appiani

512 1786 591 1851 de
652 1784 1042 1851 turbulenta
1100 1784 1263 1866 legis
1324 1784 1666 1866 rogatione
1727 1783 2043 1866 narratiO,
2113 1783 2356 1869 partim
2418 1805 2452 1848 e
2517 1782 2961 1849 Gracchorum

512 1905 712 1967 aetate
775 1899 1125 1982 translata,
1188 1899 1430 1985 partim
1492 1898 1669 1964 falsa
1728 1898 2125 1964 rusticorum
2186 1899 2722 1984 urbanorumque
2785 1921 2963 1964 com-

511 2017 986 2082 memoratione
1035 2014 1403 2101 depravata
1435 2015 1877 2101 suspicionem
1909 2017 2154 2096 movet,
2190 2036 2596 2099 quamquam
2630 2016 2963 2101 scriptoris

510 2133 720 2216 ignoti
782 2131 1176 2217 opinionem,
1243 2152 1444 2214 quam
1491 2131 1778 2216 Appiani
1836 2152 1985 2196 cum
2046 2133 2315 2195 auctore
2377 2129 2457 2195 de
2503 2131 2623 2196 vir.
2666 2130 2756 2195 ill.
2807 2153 2962 2196 con-

512 2270 750 2314 sensus
798 2246 989 2312 nobis
1028 2250 1486 2329 servaverunt,
1535 2247 1604 2311 in
1650 2247 2039 2312 universum
2067 2250 2318 2311 rectam
2348 2251 2524 2312 recte
2561 2246 2963 2332 expressisse

511 2362 805 2429 videtur:
852 2384 966 2449 per
1011 2362 1148 2427 vim
1197 2362 1372 2427 enim
1418 2361 1629 2427 latam
1677 2384 1824 2427 esse
1871 2362 2081 2444 legem
2114 2360 2362 2426 Metelli
2408 2362 2737 2427 recusatio
2787 2384 2964 2427 com-

512 2479 769 2566 probat.
820 2477 1111 2560 SanctiO,
1147 2499 1281 2563 qua
1313 2477 1420 2543 lex
1451 2477 1779 2564 plerisque
1813 2478 2240 2565 scriptoribus
2273 2476 2693 2544 tradentibus
2727 2481 2966 2544 ornata

514 2599 676 2678 erat,
727 2616 761 2660 e
811 2595 1143 2659 communi
1191 2617 1317 2659 usu
1365 2593 1518 2660 addi
1568 2598 1636 2660 et
1675 2594 2137 2660 iusiurandum
2172 2595 2313 2660 sine
2347 2594 2764 2660 dubitatione
2798 2617 2963 2680 pree-

514 2711 677 2777 stari
711 2710 971 2776 solebat
1004 2710 1410 2796 (Mommsen,
1447 2710 1818 2776 Strafrecht
1847 2732 1950 2797 pg.
1981 2712 2158 2793 882);
2207 2714 2605 2796 quapropter
2638 2710 2967 2775 Ciceronis

513 2826 829 2892 iudicium
870 2826 972 2913 (cf.
1008 2827 1136 2913 21),
1185 2826 1526 2891 Metellum
1572 2826 1994 2891 iureiurando
2041 2825 2407 2891 recusando
2457 2848 2651 2892 suam
2690 2825 2966 2909 gloriam

515 2947 583 3008 et
630 2943 1098 3025 constantiam,
1149 2964 1283 3007 non
1330 2943 1423 3007 rei
1464 2942 1745 3029 publicae
1777 2941 2193 3007 commodum
2227 2942 2634 3028 spectavisse
2669 2940 2773 3027 (cf.
2806 2942 2964 3006 Me-

514 3058 688 3123 telli
739 3056 1030 3123 Celeris
1076 3058 1616 3124 imitationem
1663 3059 1786 3123 Dio
1837 3057 2018 3123 Cass
2067 3057 2423 3140 XXXVIII,
2475 3060 2534 3140 6,
2591 3059 2669 3144 7),
2721 3057 2967 3142 optime

516 3195 587 3238 se
648 3173 855 3238 habet
912 3194 1126 3257 neque
1186 3173 1378 3260 plura
1439 3172 1749 3239 addenda
1818 3178 2063 3257 essent,
2127 3174 2256 3239 nisi
2305 3174 2696 3260 scriptorum
2744 3171 2965 3237 studio

514 3289 705 3370 ratio,
757 3310 871 3353 cur
917 3310 1020 3353 res
1068 3289 1167 3354 ita
1213 3289 1629 3371 accidissent,
1681 3293 1990 3375 corrupta
2022 3294 2219 3356 esset.
2293 3292 2511 3374 Atque
2559 3288 2843 3375 primum
2886 3287 2964 3352 de

517 3425 716 3489 poena
778 3407 1041 3469 statuta
1102 3402 1536 3469 dissentiunt:
1596 3408 1829 3471 auctor
1890 3405 1968 3471 de
2028 3407 2148 3471 vir.
2195 3405 2284 3470 ill.
2352 3406 2452 3486 73,
2509 3406 2547 3470 6
2610 3406 2679 3468 et
2737 3403 2972 3469 Florus

516 3519 592 3603 II,
618 3521 680 3601 4,
709 3521 749 3583 2
776 3518 1017 3605 (verbis
1048 3520 1338 3608 incertis)
1365 3521 1635 3586 exilium
1668 3521 1994 3603 afferunt3
2029 3521 2279 3603 LiviuS,
2315 3542 2463 3586 cum
2499 3518 2577 3584 de
2612 3540 2818 3584 causa
2850 3520 2967 3584 tri-

516 3634 786 3700 bunicia
824 3634 1137 3719 loquatur
1184 3636 1308 3722 (pg.
1343 3638 1472 3723 26),
1522 3636 1953 3703 nihilominus
2003 3637 2272 3702 exilium
2318 3636 2452 3700 iam
2500 3636 2570 3699 in
2617 3636 2962 3700 sanctione

519 3750 807 3816 exhibet.
847 3750 1121 3817 Recedit
1146 3753 1230 3817 ab
1266 3752 1361 3817 eis
1388 3753 1753 3838 Appianus,
1790 3752 1898 3817 vel
1928 3753 2149 3838 potius
2175 3752 2326 3817 fons
2357 3774 2402 3816 x
2438 3750 2546 3837 (cf.
2566 3772 2669 3837 pg.
2687 3750 2814 3837 36),
2853 3752 2968 3836 qui

519 3869 761 3931 senatu
790 3866 1191 3931 movendum
1222 3872 1289 3933 et
1315 3867 1440 3933 XX
1467 3868 1742 3934 talentis
1754 3869 1795 3956 ²)
1831 3866 2254 3932 multandum
2283 3889 2436 3931 eum
2463 3865 2640 3948 dicit,
2676 3867 2790 3951 qui
2821 3866 2961 3931 ius-

737 4079 775 4148 ¹)
815 4081 924 4134 Cic.
962 4097 1059 4147 pro
1098 4081 1265 4134 Balbo
1304 4084 1398 4150 483
1436 4083 1505 4134 ab
1533 4083 1781 4148 Appiano
1819 4082 1884 4148 (l,
1923 4082 1952 4150 ξ
1986 4081 2102 4146 132)
2140 4081 2381 4132 consulto
2420 4095 2674 4131 numerus
2706 4087 2970 4146 augetur3

520 4185 625 4236 qua
661 4170 728 4221 de
768 4185 927 4222 causa
964 4168 1032 4222 cf.
1061 4187 1148 4237 pg.
1175 4172 1244 4223 46
1282 4172 1371 4236 (de
1411 4170 1653 4222 Graccho
1690 4172 1830 4236 App.
1859 4171 1900 4236 1,
1940 4170 2040 4235 ⁶24).

736 4266 774 4336 2)
823 4268 971 4319 Idem
1024 4269 1167 4320 valet
1237 4277 1398 4335 atque
1466 4267 1556 4319 HS
1583 4257 1991 4335 (JOE-IXXZ
2045 4267 2133 4318 HS
2180 4256 2241 4319 15
2297 4265 2525 4319 fortasse
2587 4266 2972 4318 statuebantur

518 4357 813 4409 Mommsen
853 4356 1189 4409 Staatsrecht
1226 4357 1470 4423 111,885,
1523 4357 1610 4407 vix
1648 4364 1795 4409 reete
1848 4357 1917 4408 id.
1960 4354 2266 4408 Strafrecht
2305 4373 2391 4423 pg.
2418 4356 2620 4422 882‚7;
2675 4354 2968 4407 secundum

519 4444 824 4498 Strafrecht
864 4462 946 4514 pg.
978 4447 1115 4499 1019
1154 4461 1309 4513 poena
1348 4446 1434 4497 HS
1477 4425 1566 4517 {X}
1601 4461 1892 4512 numquam
1932 4445 2251 4512 excedebat3
2305 4460 2593 4511 permagna
2632 4445 2795 4510 igitur
2835 4450 2970 4496 erat.
