<?xml version="1.0" encoding="UTF-8"?>
<!DOCTYPE html PUBLIC "-//W3C//DTD XHTML 1.0 Transitional//EN"
    "http://www.w3.org/TR/xhtml1/DTD/xhtml1-transitional.dtd">
<html xmlns="http://www.w3.org/1999/xhtml" xml:lang="en" lang="en">
 <head>
  <title>
</title>
<meta http-equiv="Content-Type" content="text/html;charset=utf-8" />
  <meta name='ocr-system' content='tesseract 3.04.00' />
  <meta name='ocr-capabilities' content='ocr_page ocr_carea ocr_par ocr_line ocrx_word'/>
</head>
<body>
  <div class='ocr_page' id='page_1' title='image "./delappuleiosatu01mhgoog_0050.png"; bbox 0 0 3485 5069; ppageno 0'>
   <div class='ocr_carea' id='block_1_1' title="bbox 505 494 2967 3687">
    <p class='ocr_par' dir='ltr' id='par_1_1' title="bbox 505 494 2967 3593">
     <span class='ocr_line' id='line_1_1' title="bbox 509 494 2962 588; baseline -0.001 -26"><span class='ocrx_word' id='word_1_1' title='bbox 509 496 820 582; x_wconf 78' lang='lat' dir='ltr'>scriptore</span> <span class='ocrx_word' id='word_1_2' title='bbox 853 517 987 561; x_wconf 91' lang='lat' dir='ltr'>non</span> <span class='ocrx_word' id='word_1_3' title='bbox 1020 499 1182 581; x_wconf 88' lang='lat' dir='ltr'>apta</span> <span class='ocrx_word' id='word_1_4' title='bbox 1211 495 1509 588; x_wconf 83' lang='lat' dir='ltr'>inserens</span> <span class='ocrx_word' id='word_1_5' title='bbox 1541 494 1799 560; x_wconf 82' lang='lat' dir='ltr'>fontem</span> <span class='ocrx_word' id='word_1_6' title='bbox 1832 515 2249 561; x_wconf 91' lang='lat' dir='ltr'>communem</span> <span class='ocrx_word' id='word_1_7' title='bbox 2283 494 2683 580; x_wconf 89' lang='lat' dir='ltr'>depravarit.</span> <span class='ocrx_word' id='word_1_8' title='bbox 2757 494 2962 559; x_wconf 85' lang='lat' dir='ltr'>Recte</span> 
     </span>
     <span class='ocr_line' id='line_1_2' title="bbox 508 588 2966 699; baseline -0.001 -22"><span class='ocrx_word' id='word_1_9' title='bbox 508 611 774 696; x_wconf 91' lang='lat' dir='ltr'>quidem</span> <span class='ocrx_word' id='word_1_10' title='bbox 797 612 839 699; x_wconf 87' lang='lat'>¹)</span> <span class='ocrx_word' id='word_1_11' title='bbox 911 611 1161 676; x_wconf 92' lang='lat' dir='ltr'>Marius</span> <span class='ocrx_word' id='word_1_12' title='bbox 1237 614 1670 695; x_wconf 77' lang='lat' dir='ltr'><strong>antequam</strong></span> <span class='ocrx_word' id='word_1_13' title='bbox 1730 588 2147 676; x_wconf 39' lang='lat' dir='ltr'>Minturnas·</span> <span class='ocrx_word' id='word_1_14' title='bbox 2182 611 2388 693; x_wconf 89' lang='lat' dir='ltr'>venit,</span> <span class='ocrx_word' id='word_1_15' title='bbox 2467 611 2534 675; x_wconf 94' lang='lat' dir='ltr'>in</span> <span class='ocrx_word' id='word_1_16' title='bbox 2609 609 2966 696; x_wconf 87' lang='lat' dir='ltr'>paludibus</span> 
     </span>
     <span class='ocr_line' id='line_1_3' title="bbox 507 725 2965 813; baseline 0 -22"><span class='ocrx_word' id='word_1_17' title='bbox 507 727 704 809; x_wconf 73' lang='lat' dir='ltr'>latet,</span> <span class='ocrx_word' id='word_1_18' title='bbox 754 726 870 792; x_wconf 90' lang='lat' dir='ltr'>sed</span> <span class='ocrx_word' id='word_1_19' title='bbox 918 748 1208 792; x_wconf 89' lang='lat' dir='ltr'>errorum</span> <span class='ocrx_word' id='word_1_20' title='bbox 1255 727 1548 792; x_wconf 90' lang='lat' dir='ltr'>narratio</span> <span class='ocrx_word' id='word_1_21' title='bbox 1597 748 1733 792; x_wconf 92' lang='lat' dir='ltr'>non</span> <span class='ocrx_word' id='word_1_22' title='bbox 1779 726 2026 812; x_wconf 87' lang='lat' dir='ltr'>placet:</span> <span class='ocrx_word' id='word_1_23' title='bbox 2080 727 2139 813; x_wconf 88' lang='lat'>1)</span> <span class='ocrx_word' id='word_1_24' title='bbox 2175 748 2216 791; x_wconf 94' lang='lat' dir='ltr'>a</span> <span class='ocrx_word' id='word_1_25' title='bbox 2261 727 2705 812; x_wconf 89' lang='lat' dir='ltr'>promontorio</span> <span class='ocrx_word' id='word_1_26' title='bbox 2747 725 2965 791; x_wconf 87' lang='lat' dir='ltr'>Circeo</span> 
     </span>
     <span class='ocr_line' id='line_1_4' title="bbox 510 841 2962 930; baseline -0.001 -21"><span class='ocrx_word' id='word_1_27' title='bbox 510 843 634 930; x_wconf 85' lang='lat' dir='ltr'>(pg.</span> <span class='ocrx_word' id='word_1_28' title='bbox 670 843 955 930; x_wconf 82' lang='lat'>368,19)</span> <span class='ocrx_word' id='word_1_29' title='bbox 1019 841 1384 908; x_wconf 91' lang='lat' dir='ltr'>secundum</span> <span class='ocrx_word' id='word_1_30' title='bbox 1429 863 1612 908; x_wconf 91' lang='lat' dir='ltr'>mare</span> <span class='ocrx_word' id='word_1_31' title='bbox 1671 841 1844 927; x_wconf 90' lang='grc'>(369,</span> <span class='ocrx_word' id='word_1_32' title='bbox 1869 843 1932 930; x_wconf 91' lang='grc'>5)</span> <span class='ocrx_word' id='word_1_33' title='bbox 1995 842 2369 907; x_wconf 81' lang='lat' dir='ltr'>Minturnas</span> <span class='ocrx_word' id='word_1_34' title='bbox 2418 863 2652 907; x_wconf 90' lang='lat' dir='ltr'>versus</span> <span class='ocrx_word' id='word_1_35' title='bbox 2700 862 2962 928; x_wconf 85' lang='lat' dir='ltr'>progre-</span> 
     </span>
     <span class='ocr_line' id='line_1_5' title="bbox 509 957 2966 1045; baseline 0 -22"><span class='ocrx_word' id='word_1_36' title='bbox 509 958 704 1042; x_wconf 84' lang='lat' dir='ltr'>ditur,</span> <span class='ocrx_word' id='word_1_37' title='bbox 752 980 868 1045; x_wconf 89' lang='lat' dir='ltr'>per</span> <span class='ocrx_word' id='word_1_38' title='bbox 912 958 1335 1024; x_wconf 78' lang='lat' dir='ltr'>Terracinam</span> <span class='ocrx_word' id='word_1_39' title='bbox 1382 957 1651 1040; x_wconf 89' lang='lat' dir='ltr'>scilicet,</span> <span class='ocrx_word' id='word_1_40' title='bbox 1701 979 1903 1043; x_wconf 89' lang='lat' dir='ltr'>quam</span> <span class='ocrx_word' id='word_1_41' title='bbox 1952 961 2299 1044; x_wconf 80' lang='lat' dir='ltr'>tantopere</span> <span class='ocrx_word' id='word_1_42' title='bbox 2344 958 2690 1023; x_wconf 85' lang='lat' dir='ltr'>metuebat</span> <span class='ocrx_word' id='word_1_43' title='bbox 2736 960 2966 1024; x_wconf 90' lang='lat' dir='ltr'>urbem</span> 
     </span>
     <span class='ocr_line' id='line_1_6' title="bbox 510 1072 2967 1162; baseline -0.001 -22"><span class='ocrx_word' id='word_1_44' title='bbox 510 1075 984 1162; x_wconf 81' lang='lat' dir='ltr'>(pg.368,13).</span> <span class='ocrx_word' id='word_1_45' title='bbox 1080 1074 1142 1160; x_wconf 96' lang='grc'>2)</span> <span class='ocrx_word' id='word_1_46' title='bbox 1203 1073 1340 1139; x_wconf 82' lang='lat' dir='ltr'>Sub</span> <span class='ocrx_word' id='word_1_47' title='bbox 1404 1074 1572 1139; x_wconf 92' lang='lat' dir='ltr'>Liris</span> <span class='ocrx_word' id='word_1_48' title='bbox 1636 1095 1746 1139; x_wconf 90' lang='lat' dir='ltr'>ore</span> <span class='ocrx_word' id='word_1_49' title='bbox 1807 1095 1842 1138; x_wconf 92' lang='lat' dir='ltr'>e</span> <span class='ocrx_word' id='word_1_50' title='bbox 1901 1075 2063 1139; x_wconf 91' lang='lat' dir='ltr'>navi</span> <span class='ocrx_word' id='word_1_51' title='bbox 2124 1095 2429 1156; x_wconf 83' lang='lat' dir='ltr'>egressus</span> <span class='ocrx_word' id='word_1_52' title='bbox 2479 1072 2649 1158; x_wconf 83' lang='lat'>(370,</span> <span class='ocrx_word' id='word_1_53' title='bbox 2690 1075 2793 1161; x_wconf 88' lang='grc'>10)</span> <span class='ocrx_word' id='word_1_54' title='bbox 2843 1075 2967 1140; x_wconf 89' lang='lat' dir='ltr'>iter</span> 
     </span>
     <span class='ocr_line' id='line_1_7' title="bbox 508 1188 2964 1277; baseline -0.001 -20"><span class='ocrx_word' id='word_1_55' title='bbox 508 1191 735 1277; x_wconf 82' lang='lat' dir='ltr'>carpit,</span> <span class='ocrx_word' id='word_1_56' title='bbox 786 1190 944 1255; x_wconf 91' lang='lat' dir='ltr'>dum</span> <span class='ocrx_word' id='word_1_57' title='bbox 978 1189 1152 1275; x_wconf 86' lang='grc'>(370,</span> <span class='ocrx_word' id='word_1_58' title='bbox 1177 1190 1284 1277; x_wconf 84' lang='grc'>24)</span> <span class='ocrx_word' id='word_1_59' title='bbox 1317 1189 1387 1254; x_wconf 91' lang='lat' dir='ltr'>in</span> <span class='ocrx_word' id='word_1_60' title='bbox 1434 1189 1781 1276; x_wconf 90' lang='lat' dir='ltr'>piscatoris</span> <span class='ocrx_word' id='word_1_61' title='bbox 1831 1189 2169 1272; x_wconf 86' lang='lat' dir='ltr'>tugurium</span> <span class='ocrx_word' id='word_1_62' title='bbox 2207 1188 2439 1254; x_wconf 90' lang='lat' dir='ltr'>incidit</span> <span class='ocrx_word' id='word_1_63' title='bbox 2486 1188 2658 1274; x_wconf 82' lang='lat'>(370,</span> <span class='ocrx_word' id='word_1_64' title='bbox 2686 1190 2815 1277; x_wconf 95' lang='grc'>25),</span> <span class='ocrx_word' id='word_1_65' title='bbox 2852 1190 2964 1276; x_wconf 88' lang='lat' dir='ltr'>qui</span> 
     </span>
     <span class='ocr_line' id='line_1_8' title="bbox 508 1304 2962 1393; baseline -0.001 -21"><span class='ocrx_word' id='word_1_66' title='bbox 508 1306 594 1372; x_wconf 93' lang='lat' dir='ltr'>ad</span> <span class='ocrx_word' id='word_1_67' title='bbox 625 1306 827 1372; x_wconf 89' lang='lat' dir='ltr'>Lirim</span> <span class='ocrx_word' id='word_1_68' title='bbox 875 1327 1027 1371; x_wconf 90' lang='lat' dir='ltr'>eum</span> <span class='ocrx_word' id='word_1_69' title='bbox 1073 1305 1329 1371; x_wconf 89' lang='lat' dir='ltr'>reducit</span> <span class='ocrx_word' id='word_1_70' title='bbox 1362 1307 1533 1391; x_wconf 92' lang='grc'>(371,</span> <span class='ocrx_word' id='word_1_71' title='bbox 1562 1306 1652 1393; x_wconf 73' lang='grc'>2),</span> <span class='ocrx_word' id='word_1_72' title='bbox 1703 1304 1879 1390; x_wconf 92' lang='lat' dir='ltr'>quod</span> <span class='ocrx_word' id='word_1_73' title='bbox 1922 1305 2215 1390; x_wconf 89' lang='lat' dir='ltr'>spatium</span> <span class='ocrx_word' id='word_1_74' title='bbox 2248 1305 2470 1391; x_wconf 92' lang='lat' dir='ltr'>paullo</span> <span class='ocrx_word' id='word_1_75' title='bbox 2504 1306 2722 1370; x_wconf 88' lang='lat' dir='ltr'>maius</span> <span class='ocrx_word' id='word_1_76' title='bbox 2754 1305 2962 1370; x_wconf 87' lang='lat' dir='ltr'>fuisse</span> 
     </span>
     <span class='ocr_line' id='line_1_9' title="bbox 509 1390 2959 1509; baseline -0.001 -21"><span class='ocrx_word' id='word_1_77' title='bbox 509 1422 756 1504; x_wconf 85' lang='lat' dir='ltr'>credas,</span> <span class='ocrx_word' id='word_1_78' title='bbox 805 1443 1008 1506; x_wconf 89' lang='lat' dir='ltr'>quam</span> <span class='ocrx_word' id='word_1_79' title='bbox 1054 1426 1133 1487; x_wconf 86' lang='lat' dir='ltr'>ut</span> <span class='ocrx_word' id='word_1_80' title='bbox 1171 1422 1429 1509; x_wconf 83' lang='lat'>(371,6)</span> <span class='ocrx_word' id='word_1_81' title='bbox 1480 1421 1831 1507; x_wconf 90' lang='lat' dir='ltr'>strepitum</span> <span class='ocrx_word' id='word_1_82' title='bbox 1880 1421 1948 1484; x_wconf 90' lang='lat' dir='ltr'>in</span> <span class='ocrx_word' id='word_1_83' title='bbox 1982 1442 2140 1486; x_wconf 91' lang='lat' dir='ltr'>casa</span> <span class='ocrx_word' id='word_1_84' title='bbox 2187 1442 2431 1504; x_wconf 88' lang='lat' dir='ltr'>orsum,</span> <span class='ocrx_word' id='word_1_85' title='bbox 2480 1442 2678 1507; x_wconf 89' lang='lat' dir='ltr'>prope</span> <span class='ocrx_word' id='word_1_86' title='bbox 2710 1390 2959 1486; x_wconf 75' lang='lat' dir='ltr'>flumen</span> 
     </span>
     <span class='ocr_line' id='line_1_10' title="bbox 507 1536 2963 1623; baseline -0.001 -19"><span class='ocrx_word' id='word_1_87' title='bbox 507 1542 780 1619; x_wconf 85' lang='lat' dir='ltr'>stratus,</span> <span class='ocrx_word' id='word_1_88' title='bbox 832 1538 1105 1603; x_wconf 89' lang='lat' dir='ltr'>auribus</span> <span class='ocrx_word' id='word_1_89' title='bbox 1152 1537 1479 1623; x_wconf 89' lang='lat' dir='ltr'>percipere</span> <span class='ocrx_word' id='word_1_90' title='bbox 1527 1541 1773 1622; x_wconf 88' lang='lat' dir='ltr'>posset.</span> <span class='ocrx_word' id='word_1_91' title='bbox 1838 1536 1966 1602; x_wconf 84' lang='lat' dir='ltr'>Cur</span> <span class='ocrx_word' id='word_1_92' title='bbox 2010 1557 2199 1622; x_wconf 90' lang='lat' dir='ltr'>porro</span> <span class='ocrx_word' id='word_1_93' title='bbox 2249 1558 2291 1601; x_wconf 89' lang='lat' dir='ltr'>a</span> <span class='ocrx_word' id='word_1_94' title='bbox 2324 1558 2480 1602; x_wconf 90' lang='lat' dir='ltr'>sene</span> <span class='ocrx_word' id='word_1_95' title='bbox 2513 1537 2650 1602; x_wconf 92' lang='lat' dir='ltr'>iam</span> <span class='ocrx_word' id='word_1_96' title='bbox 2683 1537 2963 1602; x_wconf 88' lang='lat' dir='ltr'>abscon-</span> 
     </span>
     <span class='ocr_line' id='line_1_11' title="bbox 509 1651 2966 1742; baseline -0.001 -22"><span class='ocrx_word' id='word_1_97' title='bbox 509 1655 689 1720; x_wconf 88' lang='lat' dir='ltr'>ditus</span> <span class='ocrx_word' id='word_1_98' title='bbox 738 1655 909 1737; x_wconf 91' lang='grc'>(370,</span> <span class='ocrx_word' id='word_1_99' title='bbox 939 1655 1018 1717; x_wconf 89' lang='grc'>31</span> <span class='ocrx_word' id='word_1_100' title='bbox 1048 1693 1132 1701; x_wconf 94' lang='grc'>--</span> <span class='ocrx_word' id='word_1_101' title='bbox 1167 1655 1318 1736; x_wconf 91' lang='grc'>371,</span> <span class='ocrx_word' id='word_1_102' title='bbox 1344 1655 1416 1718; x_wconf 83' lang='grc'>4;</span> <span class='ocrx_word' id='word_1_103' title='bbox 1465 1658 1570 1718; x_wconf 82' lang='grc' dir='ltr'>τοῦ</span> <span class='ocrx_word' id='word_1_104' title='bbox 1603 1653 1668 1719; x_wconf 81' lang='grc' dir='ltr'>δὲ</span> <span class='ocrx_word' id='word_1_105' title='bbox 1699 1652 1937 1739; x_wconf 82' lang='grc' dir='ltr'>Μαρίου</span> <span class='ocrx_word' id='word_1_106' title='bbox 1968 1655 2297 1738; x_wconf 64' lang='grc' dir='ltr'>ὃεηῖῖέντος</span> <span class='ocrx_word' id='word_1_107' title='bbox 2330 1651 2509 1718; x_wconf 75' lang='grc' dir='ltr'>τουτο</span> <span class='ocrx_word' id='word_1_108' title='bbox 2546 1651 2655 1742; x_wconf 90' lang='lat' dir='ltr'>[sc.</span> <span class='ocrx_word' id='word_1_109' title='bbox 2681 1651 2966 1738; x_wconf 78' lang='grc' dir='ltr'>κρύπτειν</span> 
     </span>
     <span class='ocr_line' id='line_1_12' title="bbox 509 1767 2963 1858; baseline -0.002 -22"><span class='ocrx_word' id='word_1_110' title='bbox 509 1768 711 1858; x_wconf 73' lang='grc' dir='ltr'>αὑτὸν]</span> <span class='ocrx_word' id='word_1_111' title='bbox 760 1770 966 1856; x_wconf 78' lang='grc' dir='ltr'>ποιεῖν)</span> <span class='ocrx_word' id='word_1_112' title='bbox 1037 1770 1278 1835; x_wconf 91' lang='lat' dir='ltr'>iterum</span> <span class='ocrx_word' id='word_1_113' title='bbox 1349 1789 1494 1834; x_wconf 88' lang='lat' dir='ltr'>sese</span> <span class='ocrx_word' id='word_1_114' title='bbox 1566 1769 1907 1835; x_wconf 77' lang='lat' dir='ltr'>occultat?</span> <span class='ocrx_word' id='word_1_115' title='bbox 2002 1767 2175 1855; x_wconf 88' lang='grc'>(371,</span> <span class='ocrx_word' id='word_1_116' title='bbox 2230 1772 2330 1835; x_wconf 92' lang='grc'>10.</span> <span class='ocrx_word' id='word_1_117' title='bbox 2387 1771 2490 1858; x_wconf 88' lang='grc'>11)</span> <span class='ocrx_word' id='word_1_118' title='bbox 2586 1767 2963 1834; x_wconf 84' lang='lat' dir='ltr'>Secundum</span> 
     </span>
     <span class='ocr_line' id='line_1_13' title="bbox 510 1884 2963 1973; baseline -0 -23"><span class='ocrx_word' id='word_1_119' title='bbox 510 1886 881 1951; x_wconf 81' lang='lat' dir='ltr'>versionem</span> <span class='ocrx_word' id='word_1_120' title='bbox 917 1884 1125 1950; x_wconf 85' lang='lat' dir='ltr'>fontis</span> <span class='ocrx_word' id='word_1_121' title='bbox 1164 1906 1209 1949; x_wconf 86' lang='lat' dir='ltr'><strong>x</strong></span> <span class='ocrx_word' id='word_1_122' title='bbox 1258 1884 1360 1969; x_wconf 87' lang='lat' dir='ltr'>(cf.</span> <span class='ocrx_word' id='word_1_123' title='bbox 1395 1887 1561 1970; x_wconf 93' lang='lat' dir='ltr'>App.</span> <span class='ocrx_word' id='word_1_124' title='bbox 1596 1884 1643 1967; x_wconf 95' lang='lat' dir='ltr'>I,</span> <span class='ocrx_word' id='word_1_125' title='bbox 1681 1886 1785 1967; x_wconf 91' lang='grc'>62,</span> <span class='ocrx_word' id='word_1_126' title='bbox 1822 1886 1973 1973; x_wconf 92' lang='grc'>277)</span> <span class='ocrx_word' id='word_1_127' title='bbox 2037 1885 2104 1949; x_wconf 93' lang='lat' dir='ltr'>in</span> <span class='ocrx_word' id='word_1_128' title='bbox 2153 1885 2417 1968; x_wconf 86' lang='lat' dir='ltr'>tugurio</span> <span class='ocrx_word' id='word_1_129' title='bbox 2472 1885 2762 1969; x_wconf 89' lang='lat' dir='ltr'>quietem</span> <span class='ocrx_word' id='word_1_130' title='bbox 2811 1906 2963 1969; x_wconf 92' lang='lat' dir='ltr'>cap-</span> 
     </span>
     <span class='ocr_line' id='line_1_14' title="bbox 507 1997 2964 2087; baseline -0.002 -20"><span class='ocrx_word' id='word_1_131' title='bbox 507 2006 662 2067; x_wconf 87' lang='lat' dir='ltr'>tans</span> <span class='ocrx_word' id='word_1_132' title='bbox 711 2000 1396 2087; x_wconf 83' lang='lat' dir='ltr'>appropinquantibus</span> <span class='ocrx_word' id='word_1_133' title='bbox 1444 2000 1781 2084; x_wconf 87' lang='lat' dir='ltr'>equitibus</span> <span class='ocrx_word' id='word_1_134' title='bbox 1828 2001 1898 2064; x_wconf 92' lang='lat' dir='ltr'>in</span> <span class='ocrx_word' id='word_1_135' title='bbox 1946 1999 2222 2086; x_wconf 88' lang='lat' dir='ltr'>paludes</span> <span class='ocrx_word' id='word_1_136' title='bbox 2271 2021 2417 2066; x_wconf 88' lang='lat' dir='ltr'>sese</span> <span class='ocrx_word' id='word_1_137' title='bbox 2461 1999 2738 2082; x_wconf 90' lang='lat' dir='ltr'>abdidit,</span> <span class='ocrx_word' id='word_1_138' title='bbox 2788 1997 2964 2084; x_wconf 90' lang='lat' dir='ltr'>quod</span> 
     </span>
     <span class='ocr_line' id='line_1_15' title="bbox 507 2115 2962 2182; baseline -0.001 0"><span class='ocrx_word' id='word_1_139' title='bbox 507 2116 880 2182; x_wconf 89' lang='lat' dir='ltr'>inconsulte</span> <span class='ocrx_word' id='word_1_140' title='bbox 958 2137 1106 2181; x_wconf 92' lang='lat' dir='ltr'>cum</span> <span class='ocrx_word' id='word_1_141' title='bbox 1181 2115 1570 2181; x_wconf 90' lang='lat' dir='ltr'>Latinorum</span> <span class='ocrx_word' id='word_1_142' title='bbox 1648 2117 2047 2182; x_wconf 85' lang='lat' dir='ltr'>narratione</span> <span class='ocrx_word' id='word_1_143' title='bbox 2110 2115 2508 2182; x_wconf 89' lang='lat' dir='ltr'>Plutarchus</span> <span class='ocrx_word' id='word_1_144' title='bbox 2587 2115 2962 2181; x_wconf 86' lang='lat' dir='ltr'>connexuit.</span> 
     </span>
     <span class='ocr_line' id='line_1_16' title="bbox 509 2229 2963 2320; baseline -0 -24"><span class='ocrx_word' id='word_1_145' title='bbox 509 2233 570 2320; x_wconf 86' lang='grc'>3)</span> <span class='ocrx_word' id='word_1_146' title='bbox 604 2232 942 2298; x_wconf 90' lang='lat' dir='ltr'>Plutarchi</span> <span class='ocrx_word' id='word_1_147' title='bbox 990 2232 1197 2297; x_wconf 88' lang='lat' dir='ltr'>verba</span> <span class='ocrx_word' id='word_1_148' title='bbox 1231 2231 1311 2317; x_wconf 89' lang='lat' dir='ltr'>(p.</span> <span class='ocrx_word' id='word_1_149' title='bbox 1341 2233 1490 2314; x_wconf 89' lang='grc'>372,</span> <span class='ocrx_word' id='word_1_150' title='bbox 1521 2234 1622 2296; x_wconf 83' lang='grc'>18.</span> <span class='ocrx_word' id='word_1_151' title='bbox 1652 2233 1759 2319; x_wconf 87' lang='grc'>20)</span> <span class='ocrx_word' id='word_1_152' title='bbox 1794 2229 2026 2316; x_wconf 80' lang='grc' dir='ltr'>οἴκημα</span> <span class='ocrx_word' id='word_1_153' title='bbox 2056 2231 2382 2315; x_wconf 45' lang='grc' dir='ltr'>,ἐπίσκιονᾌ</span> <span class='ocrx_word' id='word_1_154' title='bbox 2434 2232 2514 2318; x_wconf 83' lang='lat' dir='ltr'>(p.</span> <span class='ocrx_word' id='word_1_155' title='bbox 2544 2232 2694 2314; x_wconf 86' lang='grc'>372,</span> <span class='ocrx_word' id='word_1_156' title='bbox 2726 2235 2827 2296; x_wconf 93' lang='grc'>11.</span> <span class='ocrx_word' id='word_1_157' title='bbox 2860 2232 2963 2319; x_wconf 88' lang='grc'>12)</span> 
     </span>
     <span class='ocr_line' id='line_1_17' title="bbox 507 2343 2967 2436; baseline -0 -23"><span class='ocrx_word' id='word_1_158' title='bbox 507 2351 830 2429; x_wconf 66' lang='grc' dir='ltr'>,κελεύσας6</span> <span class='ocrx_word' id='word_1_159' title='bbox 891 2348 948 2413; x_wconf 87' lang='lat' dir='ltr'>si</span> <span class='ocrx_word' id='word_1_160' title='bbox 996 2369 1145 2413; x_wconf 89' lang='lat' dir='ltr'>cum</span> <span class='ocrx_word' id='word_1_161' title='bbox 1193 2350 1358 2434; x_wconf 89' lang='lat' dir='ltr'>App.</span> <span class='ocrx_word' id='word_1_162' title='bbox 1394 2347 1440 2430; x_wconf 91' lang='grc' dir='ltr'>Ι,</span> <span class='ocrx_word' id='word_1_163' title='bbox 1478 2350 1581 2429; x_wconf 88' lang='grc'>61,</span> <span class='ocrx_word' id='word_1_164' title='bbox 1632 2349 1783 2431; x_wconf 88' lang='grc'>273,</span> <span class='ocrx_word' id='word_1_165' title='bbox 1824 2349 1904 2412; x_wconf 89' lang='grc'>13</span> <span class='ocrx_word' id='word_1_166' title='bbox 1953 2346 2410 2432; x_wconf 81' lang='grc' dir='ltr'>ἀναπαυόμενον</span> <span class='ocrx_word' id='word_1_167' title='bbox 2442 2349 2502 2412; x_wconf 82' lang='grc' dir='ltr'>ἐν</span> <span class='ocrx_word' id='word_1_168' title='bbox 2533 2344 2680 2436; x_wconf 73' lang='grc' dir='ltr'>οἴκῳ</span> <span class='ocrx_word' id='word_1_169' title='bbox 2712 2343 2967 2433; x_wconf 72' lang='grc' dir='ltr'>ζοφώδει</span> 
     </span>
     <span class='ocr_line' id='line_1_18' title="bbox 509 2462 2962 2551; baseline 0 -23"><span class='ocrx_word' id='word_1_170' title='bbox 509 2486 872 2551; x_wconf 82' lang='lat' dir='ltr'>comparaS,</span> <span class='ocrx_word' id='word_1_171' title='bbox 923 2463 1008 2529; x_wconf 91' lang='lat' dir='ltr'>ad</span> <span class='ocrx_word' id='word_1_172' title='bbox 1057 2485 1263 2529; x_wconf 92' lang='lat' dir='ltr'>unam</span> <span class='ocrx_word' id='word_1_173' title='bbox 1304 2464 1592 2550; x_wconf 89' lang='lat' dir='ltr'>Appiani</span> <span class='ocrx_word' id='word_1_174' title='bbox 1623 2464 1998 2529; x_wconf 88' lang='lat' dir='ltr'>versionem</span> <span class='ocrx_word' id='word_1_175' title='bbox 2030 2463 2394 2529; x_wconf 92' lang='lat' dir='ltr'>secundum</span> <span class='ocrx_word' id='word_1_176' title='bbox 2428 2485 2631 2549; x_wconf 90' lang='lat' dir='ltr'>quam</span> <span class='ocrx_word' id='word_1_177' title='bbox 2663 2464 2732 2527; x_wconf 92' lang='lat' dir='ltr'>in</span> <span class='ocrx_word' id='word_1_178' title='bbox 2765 2462 2962 2528; x_wconf 90' lang='lat' dir='ltr'>domo</span> 
     </span>
     <span class='ocr_line' id='line_1_19' title="bbox 509 2579 2965 2667; baseline -0.001 -21"><span class='ocrx_word' id='word_1_179' title='bbox 509 2581 759 2646; x_wconf 92' lang='lat' dir='ltr'>amici</span> <span class='ocrx_word' id='word_1_180' title='bbox 807 2579 1154 2646; x_wconf 90' lang='lat' dir='ltr'>cuiusdam</span> <span class='ocrx_word' id='word_1_181' title='bbox 1201 2580 1576 2646; x_wconf 88' lang='lat' dir='ltr'>occultatus</span> <span class='ocrx_word' id='word_1_182' title='bbox 1626 2580 1794 2667; x_wconf 89' lang='lat' dir='ltr'>(ideo</span> <span class='ocrx_word' id='word_1_183' title='bbox 1851 2581 2235 2665; x_wconf 90' lang='lat' dir='ltr'>„obscura“,</span> <span class='ocrx_word' id='word_1_184' title='bbox 2285 2579 2430 2645; x_wconf 92' lang='lat' dir='ltr'>ideo</span> <span class='ocrx_word' id='word_1_185' title='bbox 2487 2580 2873 2667; x_wconf 87' lang='lat' dir='ltr'>„imperat“)</span> <span class='ocrx_word' id='word_1_186' title='bbox 2924 2601 2965 2644; x_wconf 95' lang='lat' dir='ltr'>a</span> 
     </span>
     <span class='ocr_line' id='line_1_20' title="bbox 507 2696 2960 2782; baseline -0 -21"><span class='ocrx_word' id='word_1_187' title='bbox 507 2696 1078 2762; x_wconf 90' lang='lat' dir='ltr'>Minturnensibus</span> <span class='ocrx_word' id='word_1_188' title='bbox 1124 2696 1531 2782; x_wconf 88' lang='lat' dir='ltr'>interceptus</span> <span class='ocrx_word' id='word_1_189' title='bbox 1580 2703 1700 2780; x_wconf 90' lang='lat' dir='ltr'>est,</span> <span class='ocrx_word' id='word_1_190' title='bbox 1752 2718 1873 2762; x_wconf 91' lang='lat' dir='ltr'>nec</span> <span class='ocrx_word' id='word_1_191' title='bbox 1921 2696 2006 2762; x_wconf 90' lang='lat' dir='ltr'>ad</span> <span class='ocrx_word' id='word_1_192' title='bbox 2054 2696 2542 2779; x_wconf 87' lang='lat' dir='ltr'>Plutarcheam,</span> <span class='ocrx_word' id='word_1_193' title='bbox 2601 2717 2737 2780; x_wconf 90' lang='lat' dir='ltr'>qua</span> <span class='ocrx_word' id='word_1_194' title='bbox 2784 2697 2960 2761; x_wconf 88' lang='lat' dir='ltr'>Fan-</span> 
     </span>
     <span class='ocr_line' id='line_1_21' title="bbox 508 2811 2964 2898; baseline -0 -21"><span class='ocrx_word' id='word_1_195' title='bbox 508 2812 636 2877; x_wconf 81' lang='lat' dir='ltr'>niae</span> <span class='ocrx_word' id='word_1_196' title='bbox 668 2811 1141 2878; x_wconf 88' lang='lat' dir='ltr'>custodiendus</span> <span class='ocrx_word' id='word_1_197' title='bbox 1175 2812 1461 2878; x_wconf 89' lang='lat' dir='ltr'>traditur</span> <span class='ocrx_word' id='word_1_198' title='bbox 1494 2811 1596 2897; x_wconf 84' lang='lat' dir='ltr'>(cf.</span> <span class='ocrx_word' id='word_1_199' title='bbox 1616 2812 1764 2878; x_wconf 91' lang='lat' dir='ltr'>Val.</span> <span class='ocrx_word' id='word_1_200' title='bbox 1794 2813 1969 2879; x_wconf 80' lang='lat' dir='ltr'>Max,</span> <span class='ocrx_word' id='word_1_201' title='bbox 1998 2813 2045 2896; x_wconf 93' lang='grc' dir='ltr'>Ι,</span> <span class='ocrx_word' id='word_1_202' title='bbox 2074 2813 2133 2895; x_wconf 98' lang='grc'>5,</span> <span class='ocrx_word' id='word_1_203' title='bbox 2164 2813 2229 2895; x_wconf 71' lang='grc'>5,</span> <span class='ocrx_word' id='word_1_204' title='bbox 2255 2811 2424 2894; x_wconf 90' lang='lat' dir='ltr'>VIII,</span> <span class='ocrx_word' id='word_1_205' title='bbox 2454 2813 2514 2896; x_wconf 90' lang='grc'>2,</span> <span class='ocrx_word' id='word_1_206' title='bbox 2543 2812 2604 2898; x_wconf 91' lang='grc'>3)</span> <span class='ocrx_word' id='word_1_207' title='bbox 2640 2811 2964 2897; x_wconf 90' lang='lat' dir='ltr'>quadrare</span> 
     </span>
     <span class='ocr_line' id='line_1_22' title="bbox 506 2925 2961 3015; baseline -0.001 -22"><span class='ocrx_word' id='word_1_208' title='bbox 506 2927 836 2993; x_wconf 89' lang='lat' dir='ltr'>videntur.</span> <span class='ocrx_word' id='word_1_209' title='bbox 885 2929 953 3011; x_wconf 87' lang='lat'>4)</span> <span class='ocrx_word' id='word_1_210' title='bbox 988 2927 1168 2993; x_wconf 91' lang='lat' dir='ltr'>Idem</span> <span class='ocrx_word' id='word_1_211' title='bbox 1201 2927 1280 2994; x_wconf 88' lang='lat' dir='ltr'>de</span> <span class='ocrx_word' id='word_1_212' title='bbox 1314 2930 1664 2994; x_wconf 85' lang='lat' dir='ltr'>enuntiato</span> <span class='ocrx_word' id='word_1_213' title='bbox 1698 2925 1811 2994; x_wconf 74' lang='grc' dir='ltr'>ἴτω</span> <span class='ocrx_word' id='word_1_214' title='bbox 1837 2933 2021 2996; x_wconf 83' lang='grc' dir='ltr'><strong>κ.τ.λ.</strong></span> <span class='ocrx_word' id='word_1_215' title='bbox 2050 2929 2221 3015; x_wconf 88' lang='grc'>(372,</span> <span class='ocrx_word' id='word_1_216' title='bbox 2250 2930 2335 2993; x_wconf 92' lang='grc'>29</span> <span class='ocrx_word' id='word_1_217' title='bbox 2353 2929 2473 3014; x_wconf 86' lang='lat' dir='ltr'>sq.)</span> <span class='ocrx_word' id='word_1_218' title='bbox 2508 2926 2961 2994; x_wconf 87' lang='lat' dir='ltr'>statuendum.</span> 
     </span>
     <span class='ocr_line' id='line_1_23' title="bbox 508 3042 2962 3130; baseline 0 -23"><span class='ocrx_word' id='word_1_219' title='bbox 508 3042 683 3129; x_wconf 91' lang='lat' dir='ltr'>quod</span> <span class='ocrx_word' id='word_1_220' title='bbox 731 3064 813 3108; x_wconf 85' lang='lat' dir='ltr'>ex</span> <span class='ocrx_word' id='word_1_221' title='bbox 860 3043 995 3108; x_wconf 90' lang='lat' dir='ltr'>alia</span> <span class='ocrx_word' id='word_1_222' title='bbox 1041 3044 1344 3109; x_wconf 88' lang='lat' dir='ltr'>versione</span> <span class='ocrx_word' id='word_1_223' title='bbox 1395 3043 1701 3129; x_wconf 86' lang='lat' dir='ltr'>(fortasse</span> <span class='ocrx_word' id='word_1_224' title='bbox 1749 3045 2094 3130; x_wconf 87' lang='lat' dir='ltr'>Appianus</span> <span class='ocrx_word' id='word_1_225' title='bbox 2141 3045 2241 3110; x_wconf 90' lang='lat' dir='ltr'>ita</span> <span class='ocrx_word' id='word_1_226' title='bbox 2289 3047 2515 3109; x_wconf 88' lang='lat' dir='ltr'>censet</span> <span class='ocrx_word' id='word_1_227' title='bbox 2568 3043 2614 3125; x_wconf 89' lang='grc' dir='ltr'>Ι,</span> <span class='ocrx_word' id='word_1_228' title='bbox 2662 3046 2765 3124; x_wconf 88' lang='grc'>62,</span> <span class='ocrx_word' id='word_1_229' title='bbox 2811 3044 2962 3130; x_wconf 91' lang='grc'>276)</span> 
     </span>
     <span class='ocr_line' id='line_1_24' title="bbox 508 3156 2966 3245; baseline 0 -22"><span class='ocrx_word' id='word_1_230' title='bbox 508 3158 678 3224; x_wconf 86' lang='lat' dir='ltr'>falso</span> <span class='ocrx_word' id='word_1_231' title='bbox 742 3181 783 3224; x_wconf 92' lang='lat' dir='ltr'>a</span> <span class='ocrx_word' id='word_1_232' title='bbox 836 3158 1192 3225; x_wconf 89' lang='lat' dir='ltr'>Plutarcho</span> <span class='ocrx_word' id='word_1_233' title='bbox 1262 3160 1604 3243; x_wconf 84' lang='lat' dir='ltr'>retinetur,</span> <span class='ocrx_word' id='word_1_234' title='bbox 1677 3161 1987 3244; x_wconf 90' lang='lat' dir='ltr'>quamvis</span> <span class='ocrx_word' id='word_1_235' title='bbox 2042 3160 2292 3238; x_wconf 89' lang='lat' dir='ltr'>Marius</span> <span class='ocrx_word' id='word_1_236' title='bbox 2362 3182 2497 3225; x_wconf 92' lang='lat' dir='ltr'>non</span> <span class='ocrx_word' id='word_1_237' title='bbox 2566 3158 2791 3245; x_wconf 79' lang='grc' dir='ltr'>ἄπορος</span> <span class='ocrx_word' id='word_1_238' title='bbox 2856 3156 2966 3224; x_wconf 81' lang='grc' dir='ltr'>καὶ</span> 
     </span>
     <span class='ocr_line' id='line_1_25' title="bbox 505 3268 2963 3359; baseline -0 -20"><span class='ocrx_word' id='word_1_239' title='bbox 505 3268 727 3358; x_wconf 82' lang='grc' dir='ltr'>γυμνὸς</span> <span class='ocrx_word' id='word_1_240' title='bbox 773 3274 889 3340; x_wconf 88' lang='lat' dir='ltr'>sed</span> <span class='ocrx_word' id='word_1_241' title='bbox 938 3275 1200 3340; x_wconf 88' lang='lat' dir='ltr'>cibariis</span> <span class='ocrx_word' id='word_1_242' title='bbox 1249 3276 1540 3359; x_wconf 90' lang='lat' dir='ltr'>navique</span> <span class='ocrx_word' id='word_1_243' title='bbox 1575 3275 1865 3341; x_wconf 89' lang='lat' dir='ltr'>donatus</span> <span class='ocrx_word' id='word_1_244' title='bbox 1899 3298 1941 3341; x_wconf 90' lang='lat' dir='ltr'>a</span> <span class='ocrx_word' id='word_1_245' title='bbox 1977 3275 2551 3341; x_wconf 88' lang='lat' dir='ltr'>Minturnensibus</span> <span class='ocrx_word' id='word_1_246' title='bbox 2586 3274 2963 3340; x_wconf 86' lang='lat' dir='ltr'>dimittatur</span> 
     </span>
     <span class='ocr_line' id='line_1_26' title="bbox 509 3381 2962 3477; baseline 0 -23"><span class='ocrx_word' id='word_1_247' title='bbox 509 3389 589 3455; x_wconf 86' lang='lat' dir='ltr'>cf.</span> <span class='ocrx_word' id='word_1_248' title='bbox 625 3391 775 3472; x_wconf 86' lang='grc'>373,</span> <span class='ocrx_word' id='word_1_249' title='bbox 829 3391 1108 3456; x_wconf 89' lang='grc'>10-13.</span> <span class='ocrx_word' id='word_1_250' title='bbox 1160 3391 1286 3457; x_wconf 83' lang='lat' dir='ltr'>Cic.</span> <span class='ocrx_word' id='word_1_251' title='bbox 1321 3412 1435 3477; x_wconf 93' lang='lat' dir='ltr'>pro</span> <span class='ocrx_word' id='word_1_252' title='bbox 1498 3381 1721 3457; x_wconf 87' lang='lat' dir='ltr'>Planc.</span> <span class='ocrx_word' id='word_1_253' title='bbox 1758 3393 1844 3456; x_wconf 92' lang='grc'>26</span> <span class='ocrx_word' id='word_1_254' title='bbox 1904 3395 2057 3477; x_wconf 89' lang='lat' dir='ltr'>post</span> <span class='ocrx_word' id='word_1_255' title='bbox 2117 3390 2248 3457; x_wconf 87' lang='lat' dir='ltr'>red.</span> <span class='ocrx_word' id='word_1_256' title='bbox 2295 3391 2470 3471; x_wconf 82' lang='lat' dir='ltr'>Quir.</span> <span class='ocrx_word' id='word_1_257' title='bbox 2515 3392 2601 3456; x_wconf 89' lang='grc'>20</span> <span class='ocrx_word' id='word_1_258' title='bbox 2649 3395 2718 3456; x_wconf 88' lang='lat' dir='ltr'>et</span> <span class='ocrx_word' id='word_1_259' title='bbox 2772 3391 2962 3456; x_wconf 88' lang='lat' dir='ltr'>testi-</span> 
     </span>
     <span class='ocr_line' id='line_1_27' title="bbox 508 3506 1284 3593; baseline 0.001 -23"><span class='ocrx_word' id='word_1_260' title='bbox 508 3506 736 3570; x_wconf 90' lang='lat' dir='ltr'>monia</span> <span class='ocrx_word' id='word_1_261' title='bbox 784 3528 986 3592; x_wconf 90' lang='lat' dir='ltr'>supra</span> <span class='ocrx_word' id='word_1_262' title='bbox 1033 3506 1284 3593; x_wconf 86' lang='lat' dir='ltr'>allata).</span> 
     </span>
    </p>

    <p class='ocr_par' dir='ltr' id='par_1_2' title="bbox 722 3620 2964 3687">
     <span class='ocr_line' id='line_1_28' title="bbox 722 3620 2964 3687; baseline 0 -2"><span class='ocrx_word' id='word_1_263' title='bbox 722 3620 955 3687; x_wconf 92' lang='lat' dir='ltr'>Paullo</span> <span class='ocrx_word' id='word_1_264' title='bbox 997 3622 1240 3687; x_wconf 91' lang='lat' dir='ltr'>certius</span> <span class='ocrx_word' id='word_1_265' title='bbox 1273 3621 1528 3687; x_wconf 84' lang='lat' dir='ltr'>fontem</span> <span class='ocrx_word' id='word_1_266' title='bbox 1565 3643 1981 3687; x_wconf 89' lang='lat' dir='ltr'>communem</span> <span class='ocrx_word' id='word_1_267' title='bbox 2015 3622 2084 3686; x_wconf 91' lang='lat' dir='ltr'>in</span> <span class='ocrx_word' id='word_1_268' title='bbox 2118 3626 2417 3687; x_wconf 88' lang='lat' dir='ltr'>extrema</span> <span class='ocrx_word' id='word_1_269' title='bbox 2449 3621 2788 3687; x_wconf 88' lang='lat' dir='ltr'>Plutarchi</span> <span class='ocrx_word' id='word_1_270' title='bbox 2819 3622 2964 3686; x_wconf 92' lang='lat' dir='ltr'>vita</span> 
     </span>
    </p>
   </div>
   <div class='ocr_carea' id='block_1_2' title="bbox 508 3735 2963 4168">
    <p class='ocr_par' dir='ltr' id='par_1_3' title="bbox 508 3735 2963 4168">
     <span class='ocr_line' id='line_1_29' title="bbox 510 3735 1093 3823; baseline 0 -22"><span class='ocrx_word' id='word_1_271' title='bbox 510 3735 1059 3823; x_wconf 88' lang='lat' dir='ltr'>deprehendimus</span> <span class='ocrx_word' id='word_1_272' title='bbox 1080 3759 1093 3801; x_wconf 89' lang='lat'>:</span> 
     </span>
     <span class='ocr_line' id='line_1_30' title="bbox 508 3852 2963 3940; baseline 0 -23"><span class='ocrx_word' id='word_1_273' title='bbox 508 3852 682 3917; x_wconf 88' lang='lat' dir='ltr'>Plut.</span> <span class='ocrx_word' id='word_1_274' title='bbox 716 3852 877 3918; x_wconf 91' lang='lat' dir='ltr'>Mar.</span> <span class='ocrx_word' id='word_1_275' title='bbox 912 3854 1019 3935; x_wconf 88' lang='lat'>41,</span> <span class='ocrx_word' id='word_1_276' title='bbox 1069 3874 1172 3940; x_wconf 85' lang='lat' dir='ltr'>pg.</span> <span class='ocrx_word' id='word_1_277' title='bbox 1202 3853 1443 3936; x_wconf 86' lang='grc'>375,28</span> <span class='ocrx_word' id='word_1_278' title='bbox 1802 3882 1891 3910; x_wconf 90' lang='lat'>=</span> <span class='ocrx_word' id='word_1_279' title='bbox 1921 3856 2087 3939; x_wconf 88' lang='lat' dir='ltr'>App.</span> <span class='ocrx_word' id='word_1_280' title='bbox 2122 3854 2150 3917; x_wconf 95' lang='lat' dir='ltr'>I</span> <span class='ocrx_word' id='word_1_281' title='bbox 2185 3856 2289 3935; x_wconf 90' lang='grc'>67,</span> <span class='ocrx_word' id='word_1_282' title='bbox 2319 3854 2449 3919; x_wconf 88' lang='grc'>306</span> <span class='ocrx_word' id='word_1_283' title='bbox 2490 3854 2592 3940; x_wconf 86' lang='lat' dir='ltr'>(cf.</span> <span class='ocrx_word' id='word_1_284' title='bbox 2622 3853 2963 3918; x_wconf 84' lang='lat' dir='ltr'>Schwartz</span> 
     </span>
     <span class='ocr_line' id='line_1_31' title="bbox 2216 3969 2874 4057; baseline -0.002 -24"><span class='ocrx_word' id='word_1_285' title='bbox 2216 3969 2574 4056; x_wconf 85' lang='lat' dir='ltr'>Pauly-W.</span> <span class='ocrx_word' id='word_1_286' title='bbox 2609 3970 2685 4051; x_wconf 94' lang='lat' dir='ltr'>II,</span> <span class='ocrx_word' id='word_1_287' title='bbox 2722 3970 2874 4057; x_wconf 95' lang='grc'>222)</span> 
     </span>
     <span class='ocr_line' id='line_1_32' title="bbox 790 4084 2673 4168; baseline 0.001 -21"><span class='ocrx_word' id='word_1_288' title='bbox 790 4136 816 4167; x_wconf 91' lang='grc'>,,</span> <span class='ocrx_word' id='word_1_289' title='bbox 914 4084 1023 4166; x_wconf 87' lang='grc'>43,</span> <span class='ocrx_word' id='word_1_290' title='bbox 1108 4136 1135 4166; x_wconf 93' lang='grc'>,,</span> <span class='ocrx_word' id='word_1_291' title='bbox 1198 4085 1620 4167; x_wconf 87' lang='grc'>377,11-25</span> <span class='ocrx_word' id='word_1_292' title='bbox 1800 4113 1889 4141; x_wconf 91' lang='lat'>=</span> <span class='ocrx_word' id='word_1_293' title='bbox 1987 4137 2014 4167; x_wconf 89' lang='lat'>„</span> <span class='ocrx_word' id='word_1_294' title='bbox 2122 4084 2150 4148; x_wconf 97' lang='grc' dir='ltr'>Ι</span> <span class='ocrx_word' id='word_1_295' title='bbox 2188 4087 2289 4168; x_wconf 92' lang='grc'>70,</span> <span class='ocrx_word' id='word_1_296' title='bbox 2320 4086 2673 4150; x_wconf 84' lang='grc'>319-324</span> 
     </span>
    </p>
   </div>
   <div class='ocr_carea' id='block_1_3' title="bbox 507 4211 932 4219">
    <p class='ocr_par' dir='ltr' id='par_1_4' title="bbox 507 4211 932 4219">
     <span class='ocr_line' id='line_1_33' title="bbox 507 4211 932 4219; baseline 0 850"><span class='ocrx_word' id='word_1_297' title='bbox 507 4211 932 4219; x_wconf 95' lang='lat' dir='ltr'> </span> 
     </span>
    </p>
   </div>
   <div class='ocr_carea' id='block_1_4' title="bbox 507 4269 2966 4520">
    <p class='ocr_par' dir='ltr' id='par_1_5' title="bbox 507 4269 2966 4520">
     <span class='ocr_line' id='line_1_34' title="bbox 727 4269 2966 4342; baseline 0 -19"><span class='ocrx_word' id='word_1_298' title='bbox 727 4271 764 4336; x_wconf 91' lang='lat'>¹)</span> <span class='ocrx_word' id='word_1_299' title='bbox 803 4269 872 4324; x_wconf 82' lang='lat' dir='ltr'>cf.</span> <span class='ocrx_word' id='word_1_300' title='bbox 900 4271 1026 4324; x_wconf 86' lang='lat' dir='ltr'>Sall.</span> <span class='ocrx_word' id='word_1_301' title='bbox 1057 4272 1193 4324; x_wconf 87' lang='lat' dir='ltr'>Hist.</span> <span class='ocrx_word' id='word_1_302' title='bbox 1222 4270 1326 4338; x_wconf 86' lang='lat' dir='ltr'>frg.</span> <span class='ocrx_word' id='word_1_303' title='bbox 1356 4273 1398 4338; x_wconf 93' lang='lat' dir='ltr'>I,</span> <span class='ocrx_word' id='word_1_304' title='bbox 1437 4271 1520 4324; x_wconf 89' lang='grc'>24.</span> <span class='ocrx_word' id='word_1_305' title='bbox 1542 4271 1628 4339; x_wconf 87' lang='grc'>25,</span> <span class='ocrx_word' id='word_1_306' title='bbox 1667 4272 1738 4324; x_wconf 92' lang='grc' dir='ltr'>Μ.</span> <span class='ocrx_word' id='word_1_307' title='bbox 1771 4272 1881 4325; x_wconf 86' lang='lat' dir='ltr'>Cic.</span> <span class='ocrx_word' id='word_1_308' title='bbox 1909 4288 2007 4338; x_wconf 92' lang='lat' dir='ltr'>pro</span> <span class='ocrx_word' id='word_1_309' title='bbox 2034 4272 2207 4325; x_wconf 83' lang='lat' dir='ltr'>Sestio</span> <span class='ocrx_word' id='word_1_310' title='bbox 2246 4274 2342 4342; x_wconf 80' lang='lat'>503</span> <span class='ocrx_word' id='word_1_311' title='bbox 2383 4274 2437 4324; x_wconf 89' lang='lat' dir='ltr'>in</span> <span class='ocrx_word' id='word_1_312' title='bbox 2466 4274 2569 4326; x_wconf 89' lang='lat' dir='ltr'>Pis.</span> <span class='ocrx_word' id='word_1_313' title='bbox 2599 4274 2668 4326; x_wconf 80' lang='lat'>43</span> <span class='ocrx_word' id='word_1_314' title='bbox 2695 4274 2761 4325; x_wconf 87' lang='lat' dir='ltr'>dc</span> <span class='ocrx_word' id='word_1_315' title='bbox 2789 4270 2862 4323; x_wconf 91' lang='lat' dir='ltr'>fin</span> <span class='ocrx_word' id='word_1_316' title='bbox 2892 4272 2966 4339; x_wconf 91' lang='lat' dir='ltr'>II,</span> 
     </span>
     <span class='ocr_line' id='line_1_35' title="bbox 509 4360 2963 4432; baseline 0 -19"><span class='ocrx_word' id='word_1_317' title='bbox 509 4361 629 4428; x_wconf 87' lang='grc'>105,</span> <span class='ocrx_word' id='word_1_318' title='bbox 669 4360 851 4413; x_wconf 83' lang='lat' dir='ltr'>Livius</span> <span class='ocrx_word' id='word_1_319' title='bbox 890 4361 1035 4428; x_wconf 90' lang='lat' dir='ltr'>apud</span> <span class='ocrx_word' id='word_1_320' title='bbox 1074 4360 1225 4415; x_wconf 82' lang='lat' dir='ltr'>Oros.</span> <span class='ocrx_word' id='word_1_321' title='bbox 1255 4361 1319 4429; x_wconf 93' lang='lat' dir='ltr'>V,</span> <span class='ocrx_word' id='word_1_322' title='bbox 1342 4361 1490 4429; x_wconf 84' lang='lat'>19‚7;</span> <span class='ocrx_word' id='word_1_323' title='bbox 1527 4362 1645 4415; x_wconf 81' lang='lat' dir='ltr'>Per.</span> <span class='ocrx_word' id='word_1_324' title='bbox 1672 4363 1757 4429; x_wconf 83' lang='lat'>77,</span> <span class='ocrx_word' id='word_1_325' title='bbox 1785 4360 1906 4413; x_wconf 87' lang='lat' dir='ltr'>Val.</span> <span class='ocrx_word' id='word_1_326' title='bbox 1935 4361 2080 4413; x_wconf 88' lang='lat' dir='ltr'>Max.</span> <span class='ocrx_word' id='word_1_327' title='bbox 2105 4363 2175 4430; x_wconf 91' lang='lat' dir='ltr'>II,</span> <span class='ocrx_word' id='word_1_328' title='bbox 2202 4363 2286 4429; x_wconf 88' lang='lat'>10,</span> <span class='ocrx_word' id='word_1_329' title='bbox 2313 4364 2364 4429; x_wconf 83' lang='lat'>6,</span> <span class='ocrx_word' id='word_1_330' title='bbox 2403 4363 2541 4416; x_wconf 86' lang='lat' dir='ltr'>Vcll.</span> <span class='ocrx_word' id='word_1_331' title='bbox 2564 4364 2631 4432; x_wconf 90' lang='lat' dir='ltr'>II,</span> <span class='ocrx_word' id='word_1_332' title='bbox 2662 4363 2782 4427; x_wconf 87' lang='grc'>19,2</span> <span class='ocrx_word' id='word_1_333' title='bbox 2822 4367 2963 4414; x_wconf 81' lang='lat' dir='ltr'>auct.</span> 
     </span>
     <span class='ocr_line' id='line_1_36' title="bbox 507 4451 1429 4520; baseline 0.001 -18"><span class='ocrx_word' id='word_1_334' title='bbox 507 4451 573 4502; x_wconf 87' lang='lat' dir='ltr'>de</span> <span class='ocrx_word' id='word_1_335' title='bbox 613 4451 711 4502; x_wconf 87' lang='lat' dir='ltr'>vir.</span> <span class='ocrx_word' id='word_1_336' title='bbox 733 4451 806 4502; x_wconf 89' lang='lat' dir='ltr'>ill.</span> <span class='ocrx_word' id='word_1_337' title='bbox 840 4451 927 4519; x_wconf 82' lang='lat'>67,</span> <span class='ocrx_word' id='word_1_338' title='bbox 945 4452 998 4519; x_wconf 86' lang='lat'>4,</span> <span class='ocrx_word' id='word_1_339' title='bbox 1018 4453 1069 4520; x_wconf 86' lang='lat'>5,</span> <span class='ocrx_word' id='word_1_340' title='bbox 1106 4452 1318 4518; x_wconf 87' lang='lat' dir='ltr'>Ampel.</span> <span class='ocrx_word' id='word_1_341' title='bbox 1346 4451 1429 4503; x_wconf 80' lang='lat'>42.</span> 
     </span>
    </p>
   </div>
  </div>
 </body>
</html>
