3485 5069
706 519 780 599 d)
837 517 1143 583 Colonias
1168 517 1489 584 Livianas
1514 518 1585 582 in
1609 516 1806 583 Italia
1836 522 2012 584 recte
2046 517 2266 595 Strehl
2298 517 2403 604 (M.
2440 518 2669 584 Livius
2701 519 2978 598 DrusuS,

831 634 1005 699 Diss.
1039 633 1352 717 Marburg
1402 635 1594 717 1887,
1645 655 1746 720 pg.
1787 635 1886 716 19,
1922 635 2209 722 22—25)
2249 633 2740 717 assignationes
2772 633 2981 700 fuisse

832 749 991 815 dicit
1013 750 1088 838 ¹);
1136 749 1309 814 male
1352 752 1579 814 autem
1613 771 1846 832 agrum
1878 749 2216 835 publicum
2248 749 2457 815 fuisse
2489 753 2711 833 negat,
2762 771 2978 835 quem,

831 866 900 930 ni
947 864 1160 948 fallor,
1221 868 1512 930 testatur
1572 864 1822 930 dictum
1869 864 2032 930 illud
2093 864 2291 951 (auct.
2342 863 2422 931 de
2463 866 2585 931 vir.
2618 865 2708 930 ill.
2746 867 2850 949 66,
2886 866 2979 953 5):

827 985 1057 1047 nemini
1098 1002 1161 1047 se
1206 983 1292 1046 ad
1336 981 1724 1066 laryz'endum
1762 986 1997 1063 proeter
2042 982 2256 1046 coelum
2302 988 2359 1047 et
2389 1002 2625 1048 ocenum
2667 982 2982 1063 reliquisse

833 1095 936 1182 (cf.
971 1098 1135 1182 App.
1171 1096 1218 1178 Ι,
1269 1095 1375 1176 36,
1426 1093 1467 1182 ξ
1504 1096 1683 1183 162);
1734 1094 1814 1159 (16
1849 1095 2121 1161 coloniis
2152 1096 2222 1159 in
2255 1094 2548 1161 Siciliam
2579 1094 2980 1162 deducendis

830 1211 911 1277 cf.
962 1233 1181 1297 supra.

592 1329 656 1393 4.
705 1328 1048 1394 Postremo
1097 1328 1165 1391 in
1212 1325 1586 1412 provinciis,
1651 1326 1721 1390 in
1770 1347 1939 1411 quas
1988 1326 2254 1391 colonos
2301 1325 2412 1392 vel
2458 1326 2751 1392 colonias
2798 1327 2983 1392 misit

706 1443 1128 1526 Saturninus,
1179 1463 1412 1524 agrum
1458 1441 1797 1528 publicum
1843 1442 2068 1528 populi
2098 1442 2384 1507 Romani
2415 1441 2652 1526 fuisse,
2704 1446 2982 1529 excepta

706 1558 987 1641 Corsica,
1037 1557 1311 1623 scimus:

704 1676 778 1752 a)
832 1675 901 1739 in
926 1674 1152 1739 Africa
1183 1693 1395 1758 usque
1428 1671 1514 1737 ad
1548 1671 1875 1737 Ciceronis
1909 1676 2181 1738 aetatem
2214 1672 2294 1739 cf.
2324 1672 2545 1739 C.I.L.
2572 1673 2619 1757 Ι,
2646 1694 2749 1759 pg.
2778 1674 2863 1738 96
2880 1694 2978 1758 sq.

828 1819 915 1847 =
962 1789 1351 1870 Mommsen,
1402 1785 1553 1852 GeS.
1591 1786 1925 1852 Schriften
1972 1787 2019 1870 Ι,
2072 1789 2131 1871 1,
2170 1789 2294 1852 119
2322 1809 2463 1873 sqq.

705 1906 771 1990 b)
832 1926 1064 1988 agrum
1098 1902 1425 1969 Gallicum
1473 1902 1612 1967 iure
1659 1902 1817 1968 belli
1862 1902 2146 1989 populus
2183 1903 2528 1969 Romanus
2574 1903 2978 1990 possidebat.

704 2022 766 2101 c)
833 2018 911 2085 de
973 2039 1129 2102 agro
1190 2017 1452 2104 publico
1502 2017 1813 2083 Siciliano
1868 2018 2199 2104 permulta
2246 2022 2520 2085 exstant
2565 2019 2979 2084 testimonia:

831 2134 911 2200 cf.
945 2134 1161 2217 Holm,
1213 2133 1610 2199 Geschichte
1659 2133 1962 2199 Siciliens
1994 2134 2099 2218 ΙΙΙ,
2134 2155 2238 2221 pg.
2267 2136 2562 2218 86-88;
2596 2135 2980 2218 377-38Ο;

830 2251 956 2316 Cic.
1007 2249 1085 2315 de
1133 2250 1255 2334 leg.
1309 2271 1444 2333 agr.
1494 2250 1718 2333 11,48;
1767 2249 1874 2332 III,
1925 2251 2025 2315 12.
2122 2249 2406 2315 Coloniae
2466 2250 2756 2332 Augusti
2781 2250 2823 2338 ²)
2875 2271 2980 2316 se-

831 2365 1121 2432 cundum
1143 2365 1341 2431 Holm
1366 2366 1608 2452 partim
1634 2368 1704 2431 in
1730 2388 1887 2449 agro
1905 2366 2167 2452 publico
2194 2364 2476 2432 conditae
2491 2370 2652 2432 sunt
2668 2365 2785 2453 (l.l.
2804 2367 2977 2453 231),

832 2504 980 2548 cum
1007 2486 1165 2548 ante
1199 2504 1260 2548 a.
1303 2483 1385 2548 70
1433 2480 1725 2549 colonias
1753 2481 1977 2548 Sicilia
2008 2503 2143 2548 non
2174 2482 2472 2548 haberet.
2546 2482 2770 2549 Etiam
2806 2481 2982 2567 quod

830 2599 1086 2664 Drusus
1148 2597 1440 2664 Siciliam
1499 2599 1744 2664 iterum
1805 2598 1948 2682 lege
2009 2598 2299 2682 inclusit,
2357 2598 2563 2664 talem
2623 2599 2763 2681 agri
2824 2619 2979 2664 con-

831 2715 1146 2780 ditionem
1197 2713 1635 2780 commendat.

703 2831 777 2911 d)
832 2851 1139 2913 agrorum.
1185 2829 1597 2916 publicorum
1644 2830 1713 2894 in
1760 2830 2017 2895 Achaia
2064 2830 2343 2895 sitorum
2388 2829 2777 2895 notissimus
2825 2851 2981 2912 ager

831 2945 1315 3011 Corinthiorum
1352 2949 1498 3011 erat
1539 2945 1626 3032 (C.
1655 2946 1701 3011 Ι.
1730 2946 1803 3011 L.
1839 2946 1885 3028 I,
1919 2967 2023 3032 pg.
2054 2946 2158 3029 85,
2192 2944 2305 3010 lin.
2335 2946 2421 3009 96
2447 2965 2566 3028 sq.,
2598 2966 2702 3031 pg.
2737 2947 2861 3011 106
2892 2973 2981 3001 =

828 3061 1215 3144 Mommsen,
1267 3060 1418 3127 Ges.
1456 3061 1790 3127 Schriften
1836 3062 1882 3144 Ι,
1937 3065 1994 3144 1,
2030 3062 2135 3127 95.
2169 3063 2313 3126 145.
2395 3060 2522 3127 Cic.
2557 3059 2636 3125 de
2682 3060 2806 3144 leg.
2841 3082 2977 3143 agr.

827 3177 874 3259 I,
927 3178 997 3260 5;
1045 3178 1121 3260 ΙΙ,
1174 3178 1303 3265 51).

704 3316 734 3359 6
726 3293 767 3378 )
833 3291 912 3357 de
948 3314 1105 3375 agro
1138 3292 1560 3358 Macedonico
1596 3293 1676 3359 cf.
1707 3292 1834 3359 Cic.
1871 3292 1950 3358 de
1982 3293 2106 3376 leg.
2142 3314 2278 3375 agr.
2313 3292 2360 3374 Ι,
2389 3293 2456 3375 5,
2490 3291 2566 3374 H,
2595 3292 2706 3374 503
2739 3292 2844 3375 III,
2876 3293 2977 3358 12.

740 3437 989 3517 Agrum
1020 3434 1359 3521 publicum
1392 3435 1592 3517 igitur
1637 3435 1715 3499 in
1765 3435 2203 3521 provinciis
2252 3434 2654 3499 Saturninus
2701 3434 2979 3520 reperire

525 3552 790 3637 poterat
836 3549 925 3636 (in
973 3549 1170 3616 Italia
1215 3554 1452 3636 praeter
1499 3572 1735 3633 agrum
1785 3551 2176 3636 Capuanum
2222 3549 2520 3637 paullum
2579 3550 2979 3636 supererat);

524 3666 773 3750 itaque,
825 3665 882 3730 si
928 3686 1122 3749 agros
1171 3666 1461 3749 emisset,
1525 3666 1731 3732 stulte
1791 3666 2063 3731 fecisset
2121 3687 2336 3750 neque
2396 3665 2619 3752 populi
2680 3664 2980 3730 favorem

528 3781 656 3847 sibi
703 3780 1210 3846 conciliavisset.
1306 3784 1526 3865 Atque
1588 3785 1910 3867 praeterea
1969 3782 2040 3846 in
2085 3785 2234 3847 tota
2278 3781 2665 3846 tribunatus
2712 3781 2979 3864 gerendi

524 3897 781 3962 ratione
843 3899 987 3962 tam
1044 3895 1711 3976 fideliterGracchos
1773 3897 2079 3963 imitatus
2143 3900 2264 3980 est,
2330 3901 2409 3962 ut
2461 3897 2664 3962 etiam
2711 3897 2819 3962 hic
2865 3918 2978 3963 eos

743 4111 779 4175 ¹)
816 4111 889 4164 Ut-
930 4112 1101 4177 legem
1128 4113 1451 4178 Appuleiam
1488 4113 1555 4165 de
1584 4113 1783 4180 Sicilia,
1822 4113 1900 4164 ita
1937 4114 2110 4179 legem
2138 4113 2336 4164 Titiam
2374 4114 2645 4179 agrariam
2671 4113 2978 4182 renovavit3

524 4215 661 4266 quae,
689 4201 968 4266 quominus
994 4200 1061 4252 de
1086 4202 1403 4267 assignando
1424 4217 1552 4268 agro
1573 4202 1761 4254 Italico
1784 4203 1971 4268 egerit,
1992 4202 2125 4253 nihil
2145 4202 2370 4268 impedit
2389 4200 2478 4268 (cf.
2501 4204 2642 4269 App.
2667 4203 2708 4269 I,
2727 4203 2813 4267 35,
2838 4202 2978 4268 156).

740 4287 781 4354 ²³)
820 4288 1067 4342 Thermae
1107 4290 1373 4343 Himereae
1409 4290 1489 4358 (C.
1509 4291 1549 4342 Ι.
1570 4291 1631 4342 L.
1659 4291 1728 4358 X,
1767 4292 1890 4359 739,
1927 4291 2068 4357 761),
2106 4291 2437 4344 Panhormus
2474 4291 2555 4359 (C.
2579 4292 2618 4343 I.
2641 4291 2700 4342 L.
2738 4291 2807 4359 X,
2833 4292 2978 4358 751),

525 4376 802 4445 Syracusae
840 4378 917 4444 (C.
945 4378 987 4430 1.
1014 4378 1074 4430 L.
1103 4378 1170 4447 X,
1209 4379 1352 4446 730),
1392 4379 1584 4432 Catina
1618 4380 1695 4447 (C.
1722 4379 1765 4432 I.
1794 4380 1853 4430 L.
1884 4379 1951 4447 X,
1991 4381 2135 4448 720),
2173 4380 2591 4433 Tauromenium
2629 4380 2709 4446 (C.
2739 4380 2780 4433 I.
2810 4381 2869 4432 L.
2910 4380 2978 4447 X,

524 4467 670 4534 718),
707 4465 971 4535 Tyndaris
1007 4467 1085 4533 (C.
1112 4468 1152 4520 Ι.
1180 4468 1241 4520 L.
1270 4468 1339 4533 X,
1377 4468 1518 4533 771).
