3485 5069
487 465 711 531 allatae
760 466 994 530 ceteris
1040 465 1341 531 fontibus
1391 466 1890 549 confirmantur,
1911 468 1951 554 1)
2000 471 2245 533 temere
2284 468 2613 534 reicienda
2644 491 2778 535 non
2812 473 2932 536 est.

489 581 908 665 Quamquam
956 581 1024 645 in
1071 581 1458 647 universum
1504 586 1678 647 recte
1727 586 2052 665 monetur,
2096 583 2375 648 nimium
2422 605 2464 648 a
2511 585 2936 671 scriptoribus

486 698 556 761 in
617 696 1023 783 explicandis
1092 696 1291 763 factis
1362 697 1708 763 hominum
1772 699 2109 764 amoribus
2180 702 2302 764 aut
2368 699 2533 765 odiis
2604 701 2805 765 tribui
2871 705 2938 767 et

485 812 797 878 facillime
844 813 1230 878 honestiora
1290 812 1516 878 studia
1578 814 1647 878 in
1709 814 1915 878 animi
1975 817 2198 880 motus
2246 815 2775 901 cupiditatesque
2825 816 2936 882 de-

485 930 768 1014 pravari.
819 928 1094 1015 Culpam
1140 933 1403 1015 propter
1435 951 1636 1015 quam
1669 951 1711 994 a
1745 934 2084 1013 quaestura
2116 929 2407 996 Ostiensi
2441 930 2543 1017 (cf.
2572 933 2938 998 Mommsen

486 1044 827 1110 St.—R.II3
875 1045 1024 1126 571,
1080 1048 1142 1127 13
1207 1048 1354 1127 672,
1404 1046 1466 1133 2)
1531 1049 1826 1111 remotus
1875 1050 1996 1127 est,
2048 1045 2265 1111 Cicero
2325 1047 2627 1112 consulto
2676 1048 2937 1114 silentio

485 1161 795 1246 praeterit,
848 1182 996 1225 cum
1044 1160 1370 1226 Diodorus
1418 1161 1531 1244 qui
1582 1160 1751 1226 alias
1799 1161 2087 1226 maxime
2144 1162 2203 1226 ei
2249 1161 2456 1245 favet,
2505 1165 2738 1228 merito
2788 1185 2938 1228 eum

484 1277 792 1362 punitum
841 1297 987 1342 esse
1036 1276 1214 1342 dicat
1261 1277 1323 1363 (l.
1372 1276 1650 1341 XXXVI
1696 1277 1861 1359 frag.
1895 1278 2018 1365 12).

697 1419 927 1503 Neque
976 1422 1229 1505 postea,
1272 1441 1420 1484 cum
1457 1419 1535 1484 de
1568 1419 1834 1485 Metello
1882 1421 2089 1485 verba
2129 1420 2292 1486 facit
2340 1420 2476 1507 (pro
2511 1421 2727 1487 Sestio
2765 1424 2938 1505 101),

489 1535 926 1601 Saturninum
988 1536 1418 1622 contemptim
1482 1540 1971 1601 commemorat.
2091 1538 2309 1620 Atque
2372 1543 2544 1602 certe
2607 1537 2711 1602 his
2759 1537 2938 1620 lociS,

365 1737 372 1743 ⁶
487 1652 602 1715 ubi
651 1652 793 1716 sine
840 1651 939 1716 ira
987 1650 1064 1715 de
1111 1651 1253 1717 viro
1286 1651 1584 1737 populari
1622 1651 1933 1735 loquitur,
1982 1652 2299 1717 maiorem
2332 1653 2705 1718 tribuamus
2738 1651 2941 1717 fidem

487 1788 758 1832 necesse
820 1770 924 1832 est
984 1788 1186 1852 quam
1232 1767 1362 1833 illis
1425 1768 1540 1832 ubi
1599 1789 1680 1832 ex
1737 1767 2215 1833 consuetudine
2264 1768 2389 1832 viri
2435 1769 2592 1833 boni
2641 1789 2792 1833 eum
2837 1769 2939 1832 in-

490 1885 715 1968 crepat
785 1882 874 1967 (in
945 1883 1243 1948 oratione
1313 1905 1426 1969 pro
1490 1883 1761 1948 Rabirio
1826 1884 2100 1969 passim3
2163 1883 2243 1948 cf.
2310 1882 2388 1948 de
2452 1883 2645 1949 domo
2708 1886 2810 1966 82,
2874 1884 2943 1948 in

488 1997 714 2063 Vatin.
750 2000 867 2081 233
915 2020 1030 2085 pro
1078 1999 1347 2064 Plancio
1399 2001 1502 2082 88,
1552 2021 1665 2085 pro
1715 1998 1957 2064 Milone
2008 2000 2066 2064 8.
2108 2000 2207 2064 14.
2246 2000 2349 2080 83,
2418 1999 2497 2064 de
2544 1999 2667 2082 leg.
2702 2000 2807 2081 IH,
2857 2001 2943 2065 20

487 2114 735 2179 Brutus
785 2116 959 2202 224).
1056 2115 1468 2201 Eloquentiae
1539 2114 1821 2198 denique
1882 2113 2148 2179 laudem
2210 2136 2465 2201 semper
2525 2116 2585 2180 ei
2646 2113 2946 2180 concedit

488 2229 701 2316 (Brut.
729 2231 860 2294 224
909 2230 988 2296 de
1035 2231 1175 2296 har.
1210 2252 1378 2317 resp.
1412 2231 1542 2317 41).

703 2375 796 2438 At
843 2372 1191 2439 Glauciae
1247 2374 1758 2439 insectationem
1815 2372 2234 2438 immodicam
2282 2372 2580 2438 dicamus
2628 2394 2749 2437 nec
2796 2394 2943 2458 pro-

490 2490 725 2555 bemus
758 2510 1026 2555 necesse
1076 2493 1198 2573 est,
1239 2488 1348 2555 vel
1381 2511 1463 2555 ex
1503 2510 1598 2572 e0,
1638 2487 1815 2574 quod
1845 2489 2018 2555 inter
2050 2494 2342 2555 oratores
2374 2488 2743 2575 populares,
2780 2510 2945 2573 quos

496 2626 725 2670 omnes
760 2604 977 2669 Cicero
1012 2605 1259 2669 iniuste
1292 2608 1542 2670 tractat
1574 2604 1780 2691 (Brut.
1809 2606 2182 2691 223-227)
2230 2608 2636 2671 numeratur.
2709 2604 2945 2669 Utrum

492 2720 636 2806 ipse
685 2742 835 2785 eum
884 2742 1032 2785 cum
1064 2720 1441 2807 Hyperbolo
1491 2722 1992 2806 comparaverit,
2042 2719 2216 2805 quod
2264 2721 2549 2786 fortasse
2584 2742 2716 2785 non
2750 2720 2946 2806 plane

492 2857 534 2900 a
581 2836 866 2901 veritate
914 2835 1160 2900 recedit
1208 2835 1311 2920 (cf.
1351 2834 1429 2900 de
1477 2856 1545 2900 re
1577 2835 1758 2922 publ.
1785 2835 1895 2917 IV,
1936 2836 2064 2923 11),
2116 2858 2204 2901 an
2252 2857 2335 2901 ex
2379 2837 2601 2901 Attico
2650 2837 2949 2901 hauserit

492 2951 668 3016 hanc
701 2951 1280 3037 comparationem,
1310 2973 1508 3036 quem
1532 2951 1936 3037 praecipuum
1960 2951 2028 3016 in
2054 2955 2389 3017 oratorum
2416 2950 2790 3017 Graecorum
2813 2952 2947 3017 Ro-

492 3088 970 3151 manorumque
1018 3068 1178 3133 vitis
1228 3066 1672 3132 describendis
1706 3070 1978 3133 secutus
2019 3070 2124 3133 est
2156 3066 2407 3149 ducem,
2444 3068 2795 3133 nescimus.
2843 3067 2945 3155 (cf.

490 3182 760 3247 Miinzer
792 3183 859 3246 in
892 3182 1140 3248 Herma
1170 3184 1357 3266 1905,
1392 3204 1496 3269 pg.
1527 3183 1654 3270 80.)
1698 3182 1877 3247 Idem
1898 3181 1991 3247 de
2023 3183 2341 3269 petitione
2373 3183 2587 3266 valet3
2621 3187 2948 3267 quantum

491 3297 714 3363 videre
762 3298 933 3379 licet,
984 3302 1126 3363 tam
1173 3299 1470 3364 minutas
1511 3321 1615 3364 res
1648 3300 2085 3364 Atticusnon
2131 3299 2471 3385 praebebat
2519 3298 2808 3385 (Miinzer
2838 3298 2879 3364 l.
2906 3299 2947 3363 l.

492 3436 553 3499 p.
587 3415 672 3479 65
696 3435 791 3498 sq.
812 3415 939 3500 93).
990 3414 1095 3478 Ad
1121 3413 1469 3480 Glauciam
1494 3416 1697 3480 etiam
1721 3414 2172 3497 fragmentum
2198 3414 2515 3480 orationis
2539 3436 2653 3501 pro
2679 3414 2949 3480 Rabirio

496 3528 674 3615 apud
707 3529 1009 3595 Servium
1059 3529 1146 3596 ad
1178 3533 1341 3596 Aen.
1369 3530 1415 3614 I,
1456 3531 1538 3594 13
1582 3534 1925 3596 servatum
1966 3530 2292 3617 pertinere
2339 3532 2469 3616 (υθέ
2498 3553 2633 3597 cum
2666 3536 2950 3597 universo

708 3798 746 3865 ¹)
784 3800 852 3851 de
892 3799 1110 3853 Tiberio
1150 3799 1394 3854 Graccho
1433 3799 1502 3854 cf.
1542 3801 1669 3854 Sall.
1706 3802 1821 3868 Iug.
1863 3800 1950 3868 42,
1973 3800 2021 3868 1,
2061 3800 2168 3852 Cic.
2198 3798 2264 3851 de
2301 3815 2413 3866 rep.
2442 3799 2484 3866 I,
2510 3799 2597 3866 31,
2636 3798 2788 3851 Brut.
2818 3799 2949 3862 103,

491 3885 640 3939 Oros.
663 3886 728 3954 V,
755 3888 804 3953 8,
825 3889 878 3955 3,
915 3888 1058 3942 Flor.
1088 3890 1157 3956 II,
1183 3890 1232 3958 2,
1260 3890 1308 3943 2.
1331 3892 1381 3958 3,
1420 3890 1556 3943 Vell.
1585 3891 1655 3958 II,
1683 3891 1732 3956 2,
1766 3891 1813 3943 1.
1834 3891 1895 3957 2;
1936 3890 2145 3955 Quinct.
2174 3890 2304 3941 Inst.
2327 3888 2445 3955 VII,
2472 3890 2523 3955 4,
2553 3889 2636 3953 13,
2674 3889 2777 3941 Dio
2803 3874 2950 3957 Cass?

492 3976 673 4028 XXIV
702 3975 805 4044 frg.
827 3978 914 4046 83,
941 3980 972 4032 2
1002 3980 1071 4048 Β;
1099 3982 1268 4047 magis
1294 3996 1408 4032 rem
1434 3981 1742 4047 intelligere
1764 3980 2017 4032 videntur
2041 3979 2133 4046 qui
2158 3979 2514 4032 dissentiunt:
2540 3978 2680 4030 Plut.
2701 3977 2780 4029 Ti.
2806 3976 2897 4029 Gr.
2919 3978 2951 4031 7

491 4066 631 4131 App.
662 4066 704 4133 I,
732 4067 816 4121 17.
887 4066 956 4120 cf.
995 4068 1267 4121 Schwartz
1307 4068 1449 4121 Gott.
1477 4069 1579 4135 gel.
1612 4070 1751 4119 Anz.
1783 4068 1922 4126 1896
1961 4084 2043 4134 pg.
2072 4068 2195 4133 810,
2235 4066 2586 4120 Kornemann
2625 4067 2657 4117 l.
2687 4067 2719 4117 l.
2750 4081 2837 4132 pg.
2865 4065 2949 4119 30.

494 4154 561 4206 de
603 4154 658 4207 C.
689 4154 956 4209 Graccho:
999 4158 1104 4209 Cic.
1134 4157 1280 4209 Brut.
1312 4156 1439 4209 126:
1494 4157 1633 4210 Vell.
1662 4157 1732 4224 II,
1760 4158 1810 4223 6,
1838 4157 1895 4224 2,
1951 4161 2139 4223 postea
2189 4157 2244 4208 in
2292 4156 2529 4207 deterius
2576 4155 2690 4206 eius
2728 4154 2953 4206 consilia

495 4245 869 4297 mutabantur:
928 4245 1278 4298 Kornemann
1322 4246 1355 4297 l.
1385 4247 1417 4298 1.
1447 4262 1530 4312 pg.
1558 4247 1642 4299 34.
1703 4277 1769 4284 —
1831 4246 1911 4298 De
1959 4245 2015 4297 P.
2053 4244 2289 4311 Sulpicio
2338 4242 2482 4296 Rufo
2530 4241 2598 4294 cf.
2637 4241 2793 4294 Brut.
2831 4242 2953 4309 226,

494 4336 691 4385 Ascon.
714 4334 768 4384 in
798 4332 982 4386 Scaur.
1005 4332 1070 4385 22
1092 4334 1159 4401 Κ,
1199 4335 1251 4386 in
1281 4333 1438 4387 Corn.
1468 4335 1540 4389 57
1564 4334 1630 4402 K,
1669 4333 1809 4386 Vell.
1837 4334 1905 4399 II,
1932 4334 2014 4394 17,
2035 4332 2083 4384 2.
2142 4333 2205 4384 In
2231 4333 2464 4384 Marium
2489 4329 2767 4383 seditionis
2794 4345 2955 4383 causa

493 4419 826 4475 transfertur
863 4423 1002 4490 App.
1032 4422 1082 4475 b.
1112 4439 1155 4475 c.
1183 4423 1226 4489 I,
1253 4426 1352 4491 553
1391 4422 1532 4475 Plut.
1572 4423 1724 4476 Sulla
1760 4424 1795 4477 8
1833 4422 1949 4475 Liv.
1979 4437 2088 4487 per.
2117 4423 2186 4476 77
2225 4419 2289 4473 cf.
2321 4420 2426 4472 Cic.
2454 4418 2584 4471 Lael.
2613 4418 2660 4470 2.
